1902 3268
346 245 442 298 308
770 261 810 290 s.
850 258 1096 293 Aucusrim
1128 260 1335 294 EPISCOPI

347 330 489 376 vimus
514 326 738 375 Christum
767 326 812 371 in
837 325 1009 372 Psalmo
1039 326 1093 372 de
1121 344 1164 373 se
1187 327 1560 390 prophetantem,
1598 347 1614 367 «
1638 328 1736 372 Do-

349 422 370 444 »
390 401 535 447 minus
555 399 663 446 dixit
682 397 734 443 ad
756 413 849 452 me,
879 396 1012 443 Filius
1030 413 1149 443 meus
1180 414 1223 443 es
1241 409 1288 443 tu
1304 434 1315 455 ,
1343 413 1421 457 ego
1450 396 1585 443 hodie
1607 397 1737 458 genui

347 495 368 516 »
387 473 485 530 te13
510 497 529 515 »
553 472 617 518 ibi
639 469 895 530 agnovimus
918 469 1158 515 Ecclesiam
1173 506 1184 526 ‚
1212 470 1259 516 in
1282 487 1332 516 eo
1355 469 1475 533 quod
1500 471 1699 534 sequitur
1719 507 1732 529 ,

348 564 368 585 «
388 542 565 589 Postula
604 559 627 586 a
652 556 740 593 ine,
765 548 807 584 et
830 537 946 584 dabo
972 539 1053 584 tibi
1085 549 1230 598 gentes
1256 539 1557 586 haereditatem
1579 551 1699 587 tuam
1719 577 1732 598 ‚

346 636 366 656 >2
386 624 428 659 et
446 611 758 677 possessionem
797 619 915 655 tuam
953 609 1161 654 terminos
1196 619 1322 654 terrae
1336 609 1369 656 2.
1392 631 1412 651 >2
1438 609 1527 656 Ubi
1553 611 1736 670 agnovi-

345 700 442 731 mus
472 682 702 730 Christum
721 680 765 726 in
791 678 977 743 eoquod
1003 679 1221 742 scriptum
1240 690 1332 734 est,
1369 702 1383 719 «
1410 680 1525 727 Deus
1550 680 1735 727 deorum

347 754 602 800 »Dominus
638 753 810 798 locutus
834 750 926 796 est3
947 770 958 802 ς
982 772 1002 791 »
1039 749 1103 795 ibi
1137 750 1394 809 agnovimus
1419 761 1461 796 et
1493 751 1736 798 Ecclesiam

346 825 392 871 in
415 842 464 871 eo
485 823 606 888 quod
631 822 827 885 sequitur
842 857 853 876 ‚
877 842 897 861 α
915 821 971 865 Et
991 820 1168 867 vocavit
1194 830 1349 867 terram
1371 838 1393 866 a
1410 821 1512 867 solis
1531 833 1631 868 ortu
1657 839 1734 868 us-

347 912 469 959 uque
494 893 549 939 ad
570 908 790 939 occasum.
813 912 833 932 ›>
853 890 942 935 Ubi
962 890 1218 949 agnovimus
1243 890 1471 936 Christum
1484 891 1529 936 in
1543 908 1592 937 eo
1613 890 1735 954 quod

344 966 559 1028 scriptum
589 972 651 1007 est
670 999 681 1018 ‚
716 983 736 1003 a
757 962 813 1007 Et
844 961 937 1023 ipse
961 970 1172 1023 tanquam
1197 977 1381 1023 sponsus
1414 961 1657 1024 procedens
1680 961 1737 1007 de

343 1058 365 1078 »
385 1035 579 1083 thalamo
600 1050 696 1089 SUO,
720 1032 929 1078 exultavit
951 1041 999 1075 ut
1025 1032 1142 1091 gigas
1166 1031 1221 1076 ad
1243 1032 1507 1078 currendam
1524 1033 1640 1078 viam
1657 1032 1695 1087 43
1713 1053 1734 1074 ›>

341 1106 405 1152 ibi
429 1105 685 1165 agnovimus
721 1113 764 1147 et
799 1101 1040 1147 Ecclesiam
1072 1102 1118 1146 111
1149 1118 1198 1146 eo
1226 1103 1348 1164 quod
1372 1102 1508 1166 paulo
1533 1103 1733 1167 superius

342 1176 533 1231 dicitur,
572 1196 592 1216 «
612 1175 665 1220 In
685 1189 859 1219 omnem
890 1182 1051 1218 terrain
1081 1172 1210 1218 exivit
1246 1189 1377 1218 sonus
1416 1189 1566 1219 eorum
1586 1210 1596 1229 ‚
1623 1173 1731 1219 etin

344 1268 366 1290 2>
390 1247 496 1293 fines
519 1245 638 1291 orbis
662 1255 789 1290 terrae
811 1243 946 1290 verba
967 1258 1135 1289 eorum.
1166 1243 1217 1287 In
1246 1242 1332 1288 sole
1355 1244 1504 1307 posuit
1524 1244 1735 1289 taberna-

345 1340 366 1361 »
386 1317 539 1364 culum
563 1332 691 1361 suum
703 1314 736 1361 5.
760 1336 780 1356 »
809 1315 910 1378 Ipsa
943 1324 1006 1359 est
1036 1312 1231 1359 Ecclesia
1254 1313 1298 1358 111
1324 1313 1410 1359 sole
1443 1314 1608 1378 posita,
1646 1313 1734 1360 hoc

344 1399 406 1436 est
439 1388 485 1434 in
509 1385 858 1433 manifestatione
886 1383 1090 1430 omnibus
1114 1394 1217 1429 nota
1240 1421 1252 1441 ‚
1281 1400 1418 1448 usque
1441 1385 1497 1430 ad
1525 1384 1734 1430 terminos

342 1471 482 1507 terrae.
509 1457 598 1503 Ubi
625 1456 883 1516 agnovimus
908 1455 1164 1512 Christum,
1197 1455 1242 1500 in
1276 1472 1325 1501 eo
1358 1455 1479 1518 quod
1518 1456 1733 1519 scriptum

345 1540 435 1587 est,
465 1549 486 1570 «
508 1526 731 1573 Foderunt
752 1542 905 1571 manus
928 1542 1068 1580 meaS‚
1094 1534 1136 1569 et
1158 1524 1290 1587 pedes
1306 1561 1316 1580 ,
1344 1524 1733 1571 dinumeraverunt

349 1622 370 1642 n
388 1599 537 1646 omnia
561 1614 655 1643 ossa
685 1613 780 1642 mea
800 1616 811 1649 3
840 1596 923 1659 ipsi
947 1612 1048 1641 vero
1084 1593 1472 1641 consideraverunt
1489 1606 1530 1641 et
1554 1611 1732 1658 aspexe-

346 1693 367 1713 »
386 1680 490 1717 runt
513 1685 583 1715 me
597 1705 607 1722 ‚
637 1667 878 1713 diviserunt
897 1666 981 1711 sibi
1006 1666 1258 1712 vestimenta
1277 1683 1370 1711 mea
1390 1703 1401 1722 ‚
1435 1677 1477 1712 et
1493 1683 1625 1729 super
1642 1682 1732 1712 ves-

346 1764 365 1784 ›:
386 1742 618 1787 timentum
639 1755 784 1784 meum
810 1739 1020 1783 miserunt
1039 1739 1226 1782 5011111111Ο
1245 1757 1257 1791 ;
1275 1759 1295 1779 υ
1317 1737 1381 1782 ibi
1408 1740 1665 1797 agnovimus
1691 1747 1734 1783 et

349 1811 588 1858 Ecclesiam
616 1809 661 1854 in
679 1826 728 1854 eo
752 1808 872 1872 quod
903 1808 1038 1871 paulo
1063 1818 1161 1871 post
1178 1808 1222 1853 111
1244 1807 1419 1853 Psalmo
1438 1809 1533 1872 ipso
1548 1807 1731 1864 dicitur,

346 1905 366 1925 «
388 1880 865 1929 commemorabuntur
888 1891 929 1924 et
956 1889 1264 1925 convertentur
1289 1878 1345 1924 ad
1365 1880 1603 1925 Dominum
1630 1879 1736 1925 uni-

347 1972 367 1993 »
386 1952 496 1999 versi
522 1951 628 1996 fines
650 1961 774 1996 terrae
793 1987 803 2005 ‚
825 1960 866 1995 et
888 1949 1138 1995 adorabunt
1160 1950 1206 1995 in
1242 1960 1483 2012 conspectu
1512 1954 1603 2009 eius
1631 1949 1733 1995 uni-

346 2046 367 2066 »
385 2039 517 2069 versae
539 2022 696 2084 patriae
734 2021 928 2080 gentium
962 2037 973 2065 t
1005 2020 1212 2082 quoniam
1236 2020 1412 2065 Domini
1435 2031 1497 2065 est
1522 2037 1729 2080 regnum,

347 2116 368 2136 »
387 2104 428 2139 et
447 2094 539 2155 ipse
564 2090 864 2136 dominabitur
882 2089 1075 2149 gentium
1090 2089 1124 2137 ⁷.
1150 2110 1171 2132 >³
1194 2090 1284 2135 [Ibi
1304 2089 1558 2149 agnovimus
1575 2089 1732 2135 Chris·

347 2176 441 2210 tum
476 2163 521 2207 in
552 2177 602 2206 eo
630 2159 752 2224 quod
790 2160 1006 2223 scriptum
1037 2170 1127 2214 est,
1165 2180 1185 2200 c<
1204 2159 1404 2205 Exaltare
1440 2176 1572 2222 super
1595 2158 1732 2204 coelos

348 2260 368 2278 »
395 2233 600 2290 Deus83»
637 2232 698 2277 ibi
742 2232 998 2291 agnovimus
1026 2242 1068 2277 et
1097 2232 1337 2277 Ecclesiam
1360 2231 1406 2276 in
1438 2248 1487 2277 eo
1506 2230 1627 2295 quod
1660 2247 1732 2275 se-

347 2307 498 2370 quitur
515 2341 525 2360 ‚
549 2325 568 2344 α
587 2304 642 2347 Et
666 2319 796 2365 super
811 2319 981 2348 omnem
1002 2312 1160 2347 terram
1183 2301 1319 2361 gloria
1339 2312 1428 2348 tua.
1448 2323 1468 2342 ›>
1486 2300 1576 2346 Ubi
1593 2316 1732 2360 agno-

345 2377 488 2423 vimus
507 2373 732 2419 Christum
747 2373 791 2418 in
811 2390 860 2419 eo
876 2373 996 2437 quod
1012 2373 1227 2436 scriptum
1250 2382 1328 2428 est,
1346 2393 1364 2413 «
1382 2371 1730 2431 Deusjudicium

347 2469 365 2488 ι)
387 2457 511 2491 tuum
539 2443 629 2502 regi
649 2442 703 2488 da
719 2479 729 2499 ‚
764 2453 806 2488 et
823 2443 1039 2503 justitiam
1062 2453 1184 2488 tuam
1208 2442 1300 2488 filio
1323 2441 1463 2501 regis⁹
1486 2461 1497 2494 ;
1529 2462 1548 2482 ›>
1567 2441 1629 2486 ibi
1653 2456 1731 2500 ag-

391 2545 402 2566 ¹
419 2541 498 2574 Psal.
515 2551 551 2577 11,
568 2553 601 2580 ¹).
619 2556 661 2562 -
681 2538 696 2561 ²
715 2539 796 2570 [bid.
817 2541 847 2572 8.
862 2557 908 2563 —
925 2537 940 2562 3
960 2539 1008 2573 Id.
1030 2551 1117 2577 xmx,
1138 2552 1170 2572 2.
1183 2557 1227 2564 —-
1243 2537 1256 2562 ⁴
1269 2539 1319 2573 1d.
1338 2550 1435 2581 xvxii,
1452 2539 1484 2570 6.
1498 2554 1542 2562 —
1558 2535 1573 2561 5
1587 2537 1670 2569 lbid.
1693 2537 1728 2570 5.

341 2615 375 2622 ...
403 2593 482 2626 fild.
503 2602 701 2631 xx1,1·7.-=—
725 2589 841 2625 ⁷1bid.
859 2595 911 2623 28.
933 2588 1001 2617 ...8
1020 2591 1070 2627 Id.
1092 2603 1159 2631 mn,
1178 2593 1211 2624 6.
1228 2608 1274 2617 -·
1291 2589 1307 2612 9
1330 2591 1378 2624 Id.
1401 2601 1490 2634 uxi,
1509 2603 1540 2622 ’,1.
