1902 3268
641 295 855 337 memet
890 297 998 335 mm.
1450 288 1505 341 15

132 379 350 423 ‚reserum
374 362 581 428 quedam
601 362 713 420 sicut
726 361 1019 420 audieramus,
1035 363 1241 428 quaedam,
1262 383 1364 416 vero
1386 369 1509 427 aliter

130 432 261 493 facta,
282 433 429 492 omnia
450 443 595 492 tamea
626 431 815 490 dolenda
832 443 876 479 et
901 432 1141 491 toleranda,
1169 446 1386 500 quantum
1411 439 1509 487 Do-

131 502 274 563 minus
300 503 499 564 adiuva,
536 502 700 567 partim
733 502 1034 564 objurgando,
1061 504 1224 568 partim.
1253 507 1472 557 monendo
1493 546 1506 564 ‚

130 573 293 637 partim
324 574 491 633 orando
522 573 799 633 correximus.
840 573 957 630 Illud
993 591 1094 631 sane
1127 575 1247 640 quod
1285 588 1384 641 post
1422 588 1511 631 tuae

131 644 371 704 sanctitatis
392 645 706 710 profectionem
726 661 804 701 nos
826 644 1071 708 plurimum
1087 647 1378 707 contristavit,
1391 649 1513 714 quod

130 713 232 769 inde
267 714 420 775 fratres
442 717 532 777 sine
566 716 732 775 itineris
756 715 869 772 duce
892 714 1057 771 dimissi
1079 727 1208 774 sunt,
1230 720 1420 782 petimus
1444 722 1513 781 ig-.

132 805 307 845 noscas3
333 800 375 846 et
397 789 593 847 timidius
621 805 755 853 quam
779 787 1036 846 malitiosius
1056 788 1224 839 factum
1247 793 1370 841 scias.
1400 796 1514 841 Cum

131 860 245 916 enim
260 871 465 925 putarent
481 878 552 915 ees
573 879 596 908 a
612 860 702 913 filio
721 869 868 914 nostro
880 860 1113 912 Timotheo
1130 874 1363 928 propterea
1375 865 1510 923 mitti,

133 933 249 991 utin
273 951 352 986 nes
385 933 567 985 maxime
590 933 849 991 charitatem
878 943 999 983 tuam
1033 934 1089 982 ad
1111 935 1384 986 iracundiam
1412 956 1514 1004 proz-

133 1014 365 1063 voearent‚
385 1004 547 1056 vellent
575 1014 717 1055 autem
740 1003 825 1068 ipsi
855 1015 1003 1056 nostro
1027 1005 1260 1065 adventui,
1283 1026 1416 1074 quem
1444 1020 1514 1056 te„

132 1089 234 1126 cum.
255 1073 454 1127 futurum
477 1075 740 1138 sperabant3
767 1075 915 1126 omnia
935 1075 1104 1136 integra
1121 1093 1337 1126 reservare
1356 1100 1368 1135 3
1384 1090 1512 1144 puta!

133 1155 292 1192 verunt
342 1163 432 1196 non
470 1162 541 1194 eos
581 1145 857 1210 profecturos
877 1183 889 1202 ,
930 1146 965 1195 si
1010 1146 1168 1195 ducem
1209 1149 1376 1197 itineris
1424 1168 1512 1197 non

133 1215 396 1278 acciperent.
421 1215 507 1262 Sed
521 1226 666 1262 tamen
685 1226 917 1279 peccatum
938 1233 1041 1274 esse,
1059 1217 1157 1281 quis
1177 1218 1379 1266 dubitet?
1395 1220 1512 1266 Hinc

133 1285 263 1332 etiam
298 1286 464 1333 factum
503 1298 592 1343 est,
622 1297 669 1332 ut
705 1297 749 1332 et
776 1287 943 1333 Fossori
977 1287 1222 1346 diceretur,
1241 1294 1333 1350 jam
1358 1292 1512 1337 Timo-

134 1354 288 1402 theum
313 1373 416 1403 cum
447 1356 553 1420 ipsis
587 1356 799 1413 fratribus
819 1356 950 1404 fuisse
971 1357 1220 1422 profectum
1244 1378 1254 1406 ε
1276 1360 1397 1425 quod
1420 1362 1514 1407 uti-

133 1441 218 1488 que
247 1425 405 1473 falsum
427 1437 533 1473 erat.
571 1428 671 1473 Non
703 1437 849 1473 tamen
885 1445 909 1474 a
945 1429 1201 1492 presbytero
1228 1431 1432 1486 dictum3
1469 1442 1511 1478 et

132 1494 233 1551 haec
259 1497 406 1557 omnia
427 1497 603 1556 fratrem
626 1496 948 1555 carcedonium
976 1499 1153 1563 penitus
1180 1501 1415 1562 ignorasse,
1431 1519 1512 1558 τιατ

133 1565 202 1620 bis
223 1566 567 1626 manifestissime
591 1567 861 1619 ,declaratum
875 1578 955 1625 est,
976 1580 1194 1634 quantum
1213 1572 1295 1621 ista
1313 1571 1514 1622 manifes-

135 1637 215 1683 tari
235 1638 386 1690 solent.

200 1710 260 1756 ΙΙ.
290 1709 374 1755 Sed
401 1709 510 1772 quid
536 1709 741 1773 pluribus
765 1710 1079 1757 immoremur?
1108 1712 1374 1760 Memoratus
1396 1714 1512 1761 filius

136 1791 280 1826 noster
324 1781 581 1839 Timotheus
618 1781 997 1840 vehementissime
1038 1785 1322 1847 perturbatus
1339 1823 1352 1846 2
1391 1786 1513 1860 quod

136 1849 405 1897 dubietatem
441 1861 530 1907 tam
554 1851 829 1915 inopinatam
855 1848 1138 1910 invitissimus
1170 1855 1369 1913 senserit;
1393 1856 1514 1903 indi-

137 1921 254 1976 cavit
274 1921 402 1980 nobis
419 1958 430 1978 ,
456 1920 577 1985 quod
595 1937 696 1979 cum
726 1938 869 1983 ageres
888 1939 989 1968 cum
1019 1922 1095 1968 illo
1121 1934 1170 1969 ut
1204 1925 1324 1989 apud
1346 1925 1516 1975 Subsa-

137 2009 238 2049 nam
262 1993 354 2051 Deo
378 1986 556 2051 seryiret
574 2030 586 2050 ‚
625 1993 769 2057 erupit
808 2004 850 2040 et
876 1993 1066 2054 juravit,
1094 2012 1117 2043 a
1144 2005 1185 2043 te
1218 1995 1397 2050 omnino
1427 2015 1518 2052 non

136 2079 418 2125 recessurum,
469 2064 671 2128 Cumque
710 2067 801 2125 ejus
846 2063 1115 2122 voluntatem
1164 2065 1481 2130 requireremus
1501 2106 1513 2125 ‚

136 2132 363 2197 respondit
385 2151 428 2186 se
446 2133 532 2185 hac
565 2134 786 2194 juratione
806 2134 1010 2198 impediri
1032 2172 1043 2193 ‚
1071 2136 1306 2199 quominus
1324 2137 1388 2184 ibi
1411 2150 1520 2195 esset

139 2204 217 2256 ubi
235 2221 334 2261 eum
358 2222 444 2261 esse
465 2204 593 2256 etiam
625 2216 748 2254 antea
775 2205 1028 2256 volebamus
1049 2223 1060 2251 :
1091 2222 1193 2252 cum
1212 2209 1306 2267 jam
1330 2226 1518 2272 praeser-

140 2275 216 2320 tim
235 2276 288 2322 de
310 2293 400 2322 suae
425 2276 641 2322 libertatis
664 2276 1010 2327 manifestatione
1022 2293 1198 2330 securus
1221 2278 1288 2326 sit.
1318 2280 1520 2345 Cumque

138 2344 200 2390 illi
225 2345 563 2410 aperuissemus,
608 2365 697 2393 nou
733 2365 832 2394 eum
869 2347 1067 2394 futurum
1090 2348 1275 2410 perjUrii
1307 2366 1459 2409 reum,
1485 2352 1518 2397 si

138 2433 225 2461 non
252 2433 329 2479 per
351 2418 496 2480 ipsum
514 2454 526 2473 ,
554 2417 626 2463 sed
648 2436 726 2481 per
754 2429 791 2464 te
813 2419 934 2465 fieret
959 2455 971 2475 ,
1008 2428 1056 2464 ut
1082 2428 1265 2482 propter
1289 2420 1520 2468 vitandum

137 2485 392 2533 scandalum
422 2496 564 2533 tecum
604 2504 691 2534 esse
725 2505 812 2534 non
836 2499 1004 2552 posset3
1039 2488 1399 2553 quandoquidem
1434 2508 1523 2538 non

136 2555 190 2611 de
209 2566 282 2604 tua
305 2555 528 2607 voluntate
547 2593 558 2614 ,
580 2558 654 2605 sed
679 2559 732 2604 de
750 2576 828 2605 sua
847 2562 996 2619 jurare
1018 2559 1239 2623 potuerit,
1266 2578 1346 2608 nec
1366 2572 1409 2608 te
1436 2563 1519 2610 sibi

136 2626 324 2673 vicissim
349 2626 514 2690 aliquid
532 2631 695 2688 jurasse
712 2629 928 2677 confessus
949 2629 1002 2676 sit
1022 2647 1032 2675 ι
1055 2628 1110 2676 ad
1129 2640 1365 2679 extremum
1384 2631 1518 2690 dixit,
