1902 3268
314 239 406 301 478
736 254 770 283 s.
815 252 1058 283 mensum
1095 250 1299 282 EPISCOPI

315 318 369 365 de
392 317 460 363 his
485 317 714 364 consulant
736 353 748 374 ,
789 327 830 362 et
847 316 967 380 quod
1007 333 1056 362 eo
1091 315 1277 375 jubente
1299 315 1573 379 implendum
1608 332 1695 361 esse

313 389 628 451 cognoverint,
656 388 767 433 sicut
789 397 987 451 oportere
1018 386 1079 431 ibi
1105 386 1415 446 cognoverint,
1448 386 1535 432 1100
1568 385 1696 431 nobis

315 458 384 510 vel
408 458 628 509 evidenter
651 456 719 504 vel
740 457 922 502 latenter
945 466 1192 520 apportent.
1223 456 1342 502 Dixit
1366 456 1479 502 enim
1510 455 1695 516 Angelus

316 531 484 589 homini
503 568 514 588 2
541 552 559 571 «
577 532 633 577 Et
655 546 772 579 nunc
796 528 974 592 quando
995 528 1152 576 orabas
1170 539 1218 575 tu
1238 539 1279 574 et
1303 529 1407 576 Sara
1426 566 1436 584 ‚
1458 546 1535 589 ego
1554 528 1696 576 obtuli

317 624 337 645 >³
356 602 592 648 orationem
615 611 799 649 vestram
823 599 868 646 in
888 610 1127 663 conspectu
1145 599 1352 645 claritatis
1371 599 1453 646 Dei
1471 599 1505 646 4,
1530 620 1551 642 »

381 672 502 718 XIX.
534 671 648 728 Quae
671 687 773 716 cum
794 669 854 716 ita
878 669 963 715 sint
983 706 994 726 ,
1024 670 1154 715 etiam
1176 686 1278 715 cum
1298 669 1375 715 diu
1397 686 1522 715 orare
1539 679 1668 716 vacat
1684 706 1695 725 ‚

318 733 365 798 id
387 752 466 797 est,
501 758 601 787 cum
621 739 701 788 alia
714 740 930 796 bonarum
949 749 990 785 et
1013 739 1346 785 necessariarum
1363 740 1584 786 actionum
1611 755 1701 793 non

321 810 627 880 impediuntur
647 809 806 866 officia,
837 809 1036 873 quamvis
1059 819 1101 855 et
1122 808 1168 854 in
1191 808 1266 866 eis,
1293 819 1342 854 ut
1361 807 1466 865 dixi,
1489 807 1700 854 desiderio

319 882 393 929 illo
414 898 582 944 semper
599 880 817 930 orandum
839 880 894 926 sit
912 917 923 939 ,
952 897 1040 928 non
1068 890 1129 925 est
1151 879 1406 943 improbum
1429 896 1508 925 nec
1526 878 1694 927 inutile.

321 954 471 1017 Neque
487 951 621 1006 enim,
644 962 692 997 ut
712 951 915 997 nonnulli
932 961 1110 1014 putant,
1139 953 1224 996 1100
1243 961 1303 996 est
1327 967 1450 996 orare
1474 949 1518 996 in
1545 949 1700 996 multi—

321 1023 487 1087 loquio,
511 1022 547 1068 si
571 1021 736 1067 diutius
765 1032 927 1068 oretur.
965 1021 1097 1068 Aliud
1121 1032 1183 1066 est
1206 1038 1345 1067 sermo
1366 1020 1529 1067 multus
1547 1057 1558 1077 ‚
1581 1019 1704 1066 aliud

320 1094 553 1140 diuturnus
581 1093 770 1139 affectus,
799 1093 911 1141 Nam
945 1091 999 1137 de
1019 1092 1114 1156 ipso
1136 1092 1325 1140 Domino
1363 1091 1580 1155 scriptum
1607 1101 1699 1146 est,

321 1163 442 1229 quod
460 1162 782 1228 pernoctaverit
812 1162 858 1209 in
890 1163 1056 1214 orando
1076 1200 1086 1220 ,
1121 1173 1160 1208 et
1189 1162 1307 1226 quod
1328 1162 1536 1227 prolixius
1554 1179 1700 1210 orave-

323 1234 412 1280 rit2
438 1251 449 1278 :
476 1233 553 1286 ubi
571 1232 681 1296 quid
706 1232 824 1286 aliud
845 1249 978 1296 quam
1003 1232 1133 1282 nobis
1156 1232 1388 1296 praebebat
1421 1232 1666 1296 exemplum
1690 1268 1701 1288 ‚

319 1303 366 1361 in
398 1314 593 1369 tempore
625 1312 828 1368 precator
852 1313 1130 1367 opportunus
1149 1337 1161 1358 ‚
1204 1319 1305 1351 cum
1330 1304 1458 1349 Patre
1481 1302 1706 1349 exauditor

324 1385 525 1421 aeternus.

389 1446 489 1491 XX.
520 1443 741 1492 Dicuntur
763 1443 915 1490 fratres
937 1445 982 1498 in
1008 1447 1195 1508 AEgypto
1219 1445 1393 1491 crebras
1412 1443 1590 1510 quidem
1622 1444 1706 1490 ha-

326 1516 429 1562 bere
467 1514 702 1571 orationes,
733 1514 807 1561 sed
843 1532 910 1562 eas
949 1526 1093 1563 tamen
1125 1516 1431 1572 brevissimas,
1470 1526 1510 1562 et
1545 1515 1706 1579 raptim

324 1585 518 1651 quodam
550 1584 679 1630 modo
697 1585 914 1644 jaculatas
944 1623 955 1641 ,
993 1603 1046 1632 ne
1076 1585 1150 1632 illa
1169 1585 1398 1646 vigilanter
1416 1596 1556 1631 erecta
1572 1623 1584 1642 ,
1607 1603 1707 1649 quae

327 1656 469 1704 oranti
487 1655 728 1719 plurimum
750 1656 985 1705 necessaria
1009 1666 1071 1702 est
1093 1693 1103 1712 ‚
1142 1673 1220 1720 per
1243 1655 1548 1720 productiores
1568 1674 1707 1703 moras

329 1744 504 1774 evaness
535 1736 551 1771 t
587 1736 717 1789 atque
752 1726 986 1774 hebetetur
1021 1728 1218 1775 intentio.
1262 1730 1324 1775 Ac
1364 1745 1443 1791 per
1466 1727 1553 1773 hoc
1579 1727 1708 1774 etiam

326 1798 411 1862 ipsi
428 1797 529 1843 satis
552 1795 809 1854 ostendunt,
837 1796 954 1843 hanc
973 1797 1277 1855 intentionem,
1304 1798 1417 1843 sicut
1443 1815 1528 1844 non
1548 1798 1708 1844 estob-

330 1866 572 1924 tundenda‚
601 1867 634 1913 si
655 1866 892 1931 perdurare
916 1886 1003 1914 non
1023 1879 1165 1932 potest
1189 1906 1199 1924 ‚
1234 1869 1294 1914 ita
1317 1868 1350 1914 si
1369 1868 1674 1932 perduraverit
1694 1906 1706 1925 ‚

330 1956 420 1985 non
440 1937 527 1983 cito
551 1953 638 1982 esse
657 1936 964 2000 rumpendam.
996 1939 1120 1984 Absit
1139 1938 1252 1984 enim
1278 1938 1335 1984 ab
1360 1939 1554 1984 oratione
1573 1939 1709 1986 multa

333 2009 517 2064 locutio>
544 2007 618 2052 sed
636 2024 722 2053 non
743 2007 854 2053 desit
870 2008 1006 2055 multa
1028 2009 1244 2072 precatio,
1268 2008 1301 2054 si
1325 2008 1493 2056 fervens
1516 2001 1711 2073 perseve-

332 2089 399 2125 rat
423 2077 620 2124 intentio.
648 2077 761 2122 Nam
780 2078 969 2124 multum
989 2078 1138 2146 loqui,
1161 2089 1223 2124 est
1255 2079 1300 2125 in
1323 2079 1489 2127 orando
1512 2097 1602 2127 rem
1630 2097 1709 2128 ne-

334 2147 558 2195 cessariam
578 2146 808 2210 superfluis
831 2165 954 2207 agere
971 2149 1130 2196 verbis.
1150 2148 1341 2202 Multum
1361 2160 1503 2197 autem
1519 2150 1703 2218 precari.

335 2229 397 2265 est
432 2216 488 2263 ad
522 2233 650 2273 eum,
687 2233 818 2280 quem
844 2234 1076 2280 precamur
1098 2255 1110 2276 ,
1147 2218 1354 2269 diuturna
1389 2230 1430 2267 et
1464 2220 1539 2284 pia
1567 2219 1712 2273 cordis

333 2287 585 2335 excitatione
610 2286 797 2350 pulsare.
830 2287 941 2333 Nam
964 2288 1224 2353 plerumque
1251 2290 1338 2335 1100
1364 2290 1585 2350 negotium
1611 2291 1711 2354 plus

333 2358 566 2420 gemitibus
583 2373 714 2421 quam
738 2357 1010 2404 sermonibus
1040 2359 1182 2419 agitur
1197 2397 1207 2415 ,
1240 2360 1339 2427 plus
1360 2360 1464 2406 fletu
1490 2378 1621 2426 quam
1645 2360 1711 2408 af-.

330 2424 440 2476 fatu.
466 2427 597 2475 Ponit
616 2436 761 2473 autem
783 2425 1000 2491 lacrymas
1027 2440 1194 2481 nostras
1217 2430 1262 2477 in
1283 2441 1520 2495 conspectu
1538 2447 1615 2478 suo
1637 2467 1649 2489 ,
1669 2440 1711 2476 et

381 2537 393 2560 ¹
415 2534 498 2573 Tol).
513 2545 581 2579 κει,
602 2541 656 2577 ιξι.
676 2551 722 2572 ι-,
739 2533 754 2563 ²
767 2537 847 2572 Luc.
861 2545 912 2584 vr²
927 2547 982 2572 12.
