1902 3268
356 282 449 338 504
760 300 792 328 s.
839 298 1078 330 Atccsrim
1116 297 1317 330 EPtsCOPI

355 381 497 429 posse,
520 374 561 410 et
586 362 640 410 ad
655 380 729 410 sua
749 363 851 411 vitia
879 364 1070 410 sananda
1095 365 1158 410 vel
1181 365 1310 411 etiam
1340 361 1592 412 refrenanda
1615 361 1728 411 nihil

356 447 548 500 possunt.

423 509 478 555 ll.
514 508 683 564 Quaeris
698 506 853 566 igitur:
881 528 900 547 «
918 508 1073 552 Utrum
1094 508 1246 553 mundi
1268 509 1480 554 Dominus
1503 519 1545 553 et
1570 518 1724 566 rector,

352 578 620 624 intemeratae
638 577 833 623 foeminae
847 595 1006 641 corpus
1032 579 1299 642 impleverit;
1326 579 1554 642 pertulerit
1577 577 1727 624 decem
1763 603 1766 606 ⁴

355 653 564 695 mensium
594 649 721 709 longa
746 649 817 694 illa
847 648 1018 695 fastidia
1054 661 1204 704 mater,
1238 661 1278 696 et
1302 661 1444 696 tamen
1465 650 1585 708 virgo
1610 649 1730 694 enixa

354 720 688 766 sitsolemnitate
713 721 928 783 pariendi,
959 732 999 766 et
1024 722 1239 784 posthaec
1260 721 1484 782 virginitas
1524 719 1730 766 inviolata

355 793 656 855 permanserit.
678 793 829 838 Utrum
845 792 957 837 intra
980 792 1291 855 corpusculum
1306 792 1514 852 vagientis
1535 790 1731 836 infantiae

354 862 546 918 latuerit,
577 863 647 908 cui
677 881 756 926 par
800 864 866 909 vix
889 873 1070 925 putatur
1103 864 1381 916 universitas;
1419 878 1570 925 passus
1602 860 1733 907 fuerit

352 933 610 995 puerilitatis
626 951 776 989 annos,
797 933 1048 990 adoleverit,
1071 938 1300 993 juventute
1325 933 1535 979 solidatus
1548 932 1624 989 sit3
1639 942 1732 977 tan-

354 1002 429 1048 diu
456 1021 478 1048 a
498 1003 672 1049 sedibus
691 1003 776 1048 suis
807 1003 996 1049 abfuerit
1035 1015 1234 1063 regnator
1253 1005 1323 1050 ille
1342 1042 1352 1060 ‚
1384 1014 1512 1067 atque
1532 1004 1576 1048 in
1594 1019 1730 1048 unum

355 1073 689 1136 corpusculum,
716 1074 846 1119 totius
879 1074 1031 1119 mundi
1052 1091 1156 1120 cura
1187 1074 1388 1120 translata
1405 1075 1458 1119 sit
1483 1091 1493 1118 :
1518 1071 1674 1118 deinde
1687 1072 1731 1117 in

352 1161 524 1189 somnos
547 1143 757 1189 resolutus
779 1144 860 1198 sit3
891 1144 992 1190 cibo
1016 1144 1160 1200 alitus,
1189 1162 1336 1190 omnes
1357 1143 1606 1189 mortalium
1632 1159 1731 1187 sen-

354 1214 455 1259 serit
472 1214 670 1267 affectus3
698 1231 835 1276 neque
856 1213 952 1259 ullis
973 1214 1325 1277 competentibus
1350 1213 1480 1273 signis
1500 1211 1732 1257 claruerint

356 1294 490 1329 tantae
511 1284 743 1344 maJestatis
764 1284 951 1337 indicia3
981 1284 1188 1347 quoniam
1210 1283 1381 1331 larvalis
1406 1283 1478 1329 illa
1506 1281 1728 1345 purgatio,

356 1353 565 1400 debilium
596 1372 732 1409 curae,
761 1355 930 1401 reddita
962 1356 1049 1401 vita
1084 1354 1317 1411 defunctis,
1356 1355 1455 1400 haec
1480 1354 1514 1399 si
1559 1363 1600 1398 et
1627 1351 1730 1397 alios

354 1426 609 1485 cogitemus,
634 1428 725 1471 Deo
750 1444 886 1489 parva
926 1438 1039 1473 sunt.
1068 1449 1087 1468 ›>
1123 1428 1247 1472 Hanc
1282 1426 1435 1472 scribis
1464 1425 1508 1470 in
1537 1423 1728 1487 quodam

353 1507 569 1542 conventu
592 1497 828 1542 amicorum
859 1497 914 1542 al)
937 1514 1023 1543 uno
1051 1515 1098 1542 ex
1118 1497 1262 1542 multis
1280 1533 1290 1549 ‚
1318 1497 1394 1559 qui
1420 1495 1615 1550 aderant,
1638 1493 1730 1539 illa-

353 1577 440 1612 tam
479 1585 564 1613 esse
599 1569 907 1630 quaestionem:
946 1586 1021 1613 vos
1060 1579 1201 1613 autem
1239 1566 1514 1613 intervenisse
1553 1564 1730 1610 ulterius

351 1636 606 1700 inquirenti,
644 1638 923 1700 solutumque
946 1649 1208 1684 conventum
1231 1675 1241 1693 ,
1271 1637 1325 1682 ad
1357 1637 1537 1700 potioris
1562 1634 1730 1698 peritiae

354 1708 504 1754 merita
529 1708 755 1767 distulisse,
784 1708 945 1754 nedum
966 1709 1183 1754 incautius
1205 1718 1364 1754 secreta
1386 1715 1668 1761 temerantur,
1686 1704 1728 1749 in

353 1778 526 1841 culpam
550 1779 795 1825 deflecteret
813 1797 933 1825 error
961 1780 1192 1826 innocuus.

419 1850 501 1896 ΙΙΙ.
525 1851 693 1896 Deinde
714 1851 768 1896 ad
796 1868 863 1895 me
887 1851 1129 1896 litterarum
1159 1861 1330 1896 tuarum
1353 1850 1501 1910 dirigis
1522 1847 1730 1894 intentio-

351 1937 467 1976 nem,
486 1932 526 1966 et
547 1932 644 1985 post
670 1921 786 1967 hanc
808 1921 1040 1984 imperitiae
1059 1920 1385 1976 confessionem,
1414 1921 1618 1966 admones
1639 1928 1687 1963 ut
1708 1936 1730 1964 a

352 1991 554 2054 partibus
596 1992 750 2037 nostris
783 1991 890 2055 quid
916 1990 1182 2036 desideretur
1222 2008 1464 2051 agnoscam.
1520 1989 1730 2049 Adjungis

355 2061 482 2106 etiam
505 2061 631 2107 famae
656 2080 763 2107 meae
787 2063 983 2108 interesse
1008 2072 1055 2107 ut
1079 2062 1256 2125 quaesita
1271 2062 1490 2115 noveritis,
1519 2058 1639 2123 quod
1664 2070 1731 2105 ut-

352 2147 541 2194 cumque
562 2132 724 2194 alisque
741 2131 999 2177 detrimento
1036 2131 1171 2177 divini
1194 2132 1336 2177 cultus
1356 2131 1401 2176 in
1423 2131 1515 2177 aliis
1535 2129 1730 2176 sacerdo-

325 2212 328 2218 ’
350 2201 467 2247 tibus
487 2202 694 2247 toleratur
713 2202 899 2258 inscitia,
931 2213 974 2247 at
994 2219 1092 2247 cum
1121 2202 1174 2247 ad
1197 2219 1263 2247 me
1288 2201 1520 2246 antistitem
1536 2196 1726 2255 venitur,

350 2270 430 2331 legi
455 2272 595 2318 deesse
626 2272 844 2336 quidquid
875 2272 1102 2331 contigerit
1134 2272 1337 2332 ignorari.
1379 2271 1577 2317 Primum
1598 2270 1730 2330 igitur

346 2342 463 2388 hanc
478 2343 530 2388 tle
553 2361 619 2388 me
645 2344 894 2408 opinionem
917 2343 1043 2389 facile
1057 2354 1391 2407 praesumptam,
1413 2359 1562 2405 quaeso
1588 2342 1730 2405 depo—

349 2430 424 2458 nas
450 2450 460 2467 ,
505 2431 691 2478 eumque
715 2415 907 2461 animum
932 2416 1130 2478 quamvis
1151 2432 1249 2475 erga
1279 2432 1346 2459 me
1374 2412 1731 2459 benevolentissi-

349 2501 468 2529 mum
490 2485 628 2531 solvas
650 2497 777 2549 atque
802 2504 952 2539 exuas3
980 2504 1029 2532 ac
1055 2487 1108 2532 de
1128 2504 1194 2532 me
1212 2486 1319 2532 mihi
1346 2485 1480 2545 magis
1494 2501 1627 2548 quam
1650 2483 1730 2530 ulli

351 2554 470 2600 alteri
496 2555 667 2611 credas,
697 2558 729 2601 si
752 2557 861 2602 mihi
893 2557 1136 2604 dilectionis
1152 2557 1290 2603 vicem
1324 2555 1544 2619 rependis.
1588 2555 1730 2600 Tanta

347 2635 409 2671 est
432 2625 545 2671 enim
572 2625 920 2673 Christianarum
951 2627 1226 2691 profunditas
1248 2627 1513 2683 litterarum,
1538 2635 1586 2671 ut
1609 2624 1655 2670 in
1672 2624 1730 2670 eis
