1902 3268
602 278 815 311 ErisroLA
849 277 1048 313 Lxxxvu.
1425 261 1510 324 139

136 346 366 402 correctis,
406 344 524 391 salva
556 343 674 404 signa
708 343 999 406 recipiuntur,
1037 341 1069 386 si
1101 341 1216 387 salva
1246 351 1510 387 manserunt.

138 421 195 466 Et
217 418 251 463 si
275 415 385 480 quid
405 415 458 461 de
483 415 566 460 hac
584 431 628 459 re
648 413 897 473 diligentius
919 412 1208 475 quaerendum
1230 422 1292 456 est
1307 448 1318 466 ,
1351 410 1432 456 alia
1454 421 1517 456 est

137 493 214 553 (ut
232 487 347 547 dixi)
365 485 564 550 quaestio.
590 485 688 530 Hoc
705 484 819 530 enim
838 482 1159 529 observandum
1191 492 1253 527 est
1283 480 1329 526 in
1357 479 1426 525 his
1454 497 1517 525 re-

137 561 246 615 bus,
275 557 395 622 quod
413 558 615 602 observat
639 554 828 601 Ecclesia
858 555 950 600 Dei.

203 630 258 676 X.
291 627 518 686 Quaeritur
540 637 682 672 autem
702 636 850 671 utrum
868 635 1007 671 vestra
1025 661 1035 679 ‚
1056 641 1111 668 an
1130 633 1276 669 nostra
1300 624 1353 669 sit
1368 623 1516 670 Eccle-

140 700 200 746 sia
227 698 321 745 Dei.
347 699 631 762 Quapropter
661 696 773 742 illud
796 694 1082 759 quaerendum
1108 704 1170 739 est
1194 711 1214 738 a
1241 694 1408 756 capite,
1439 710 1518 739 cur

142 770 330 817 schisma
358 768 559 816 feceritis,
597 768 643 813 Si
670 768 759 812 non
783 765 1075 828 rescripseris,
1099 780 1176 823 ego
1205 763 1322 826 apud
1344 765 1482 808 Deum
1504 800 1513 817 ,

141 850 359 906 quantum
375 838 505 886 credo
519 876 530 895 ,
551 838 724 884 facilem
738 853 913 882 causam
934 835 1076 885 habeo
1094 852 1104 891 3
1129 834 1230 898 quia
1248 834 1341 880 viro
1356 870 1367 889 ‚
1391 850 1521 897 quem

145 909 320 963 audivi,
342 919 520 973 excepto
544 908 799 963 schismate,
823 907 991 959 bonum
1016 915 1057 950 et
1077 905 1315 957 liberaliter
1338 904 1522 959 instruc-

149 993 265 1038 tnm,
296 980 575 1044 pacificantes
598 979 781 1024 Litteras
799 977 910 1024 misi.
939 978 1006 1022 Tu
1030 975 1190 1023 videris
1215 975 1323 1039 quid
1352 975 1414 1021 illi
1438 992 1522 1021 res-

146 1050 363 1117 pondeas,
391 1053 517 1110 cujus
551 1066 668 1096 nunc
703 1047 923 1094 laudanda
958 1047 1195 1111 patientia,
1234 1048 1278 1095 in
1315 1047 1402 1093 fine
1422 1063 1523 1092 vero

151 1119 340 1168 timenda
363 1119 573 1166 sententia
597 1130 674 1167 est.
702 1119 747 1164 Si
773 1129 915 1164 autem
937 1117 1202 1181 rescripseris
1218 1134 1266 1162 ea
1289 1133 1392 1162 cura
1407 1153 1418 1172 ,
1439 1132 1525 1179 qua

148 1192 232 1239 tibi
251 1191 464 1255 scriptum
483 1190 622 1245 vides,
641 1189 779 1235 aderit
793 1188 1087 1235 misericordia
1106 1187 1204 1243 Dei,
1226 1198 1275 1233 ut
1290 1186 1524 1250 aliquando

151 1279 270 1310 error
293 1261 371 1325 qui
389 1279 464 1306 nos
491 1260 680 1315 dirimit,
708 1271 749 1306 et
772 1277 917 1305 amore
941 1259 1062 1323 pacis
1085 1269 1126 1304 et
1149 1258 1318 1304 ratione
1337 1257 1527 1303 veritatis

150 1333 348 1380 intereat.
375 1333 594 1377 Memento
612 1331 732 1395 quod
756 1330 809 1376 de
839 1329 1157 1390 Rogatensibus
1180 1329 1278 1391 (16)
1301 1345 1390 1373 non
1410 1328 1531 1374 dixe—

153 1404 263 1460 rim,
299 1403 377 1467 qui
407 1420 483 1450 vos
514 1403 755 1448 Firmianos
792 1401 1011 1465 appellare
1051 1400 1277 1455 dicuntur,
1312 1401 1424 1447 sicut
1457 1416 1532 1445 nos

156 1475 429 1522 Macarianos
449 1473 692 1539 appellatis.
720 1474 869 1536 Neque
889 1473 942 1518 de
961 1471 1197 1519 Rucatensi
1214 1470 1423 1535 episcopo
1445 1487 1532 1516 ves-

155 1557 252 1603 tro,
286 1545 364 1610 qui
397 1562 497 1591 cum
533 1545 679 1590 Firmo
710 1555 868 1608 pactus
896 1543 1157 1607 perhibetur
1189 1541 1534 1593 incolumitatem

159 1633 363 1670 suorum,
390 1626 439 1662 ut
463 1616 502 1661 ei
524 1626 666 1679 portae
686 1616 975 1678 aperirentur,
999 1625 1040 1659 et
1063 1614 1108 1659 in
1138 1613 1421 1671 vastationem
1451 1611 1535 1658 da-

160 1699 312 1734 rentur
329 1686 577 1743 Catholici,
606 1698 649 1732 et
670 1686 752 1732 alia
770 1685 1120 1736 innumerabilia.
1142 1685 1298 1731 Desine
1316 1700 1416 1743 crgo
1435 1681 1541 1739 locis

163 1758 473 1806 communibus
497 1775 745 1818 exaggerare
766 1758 880 1803 facta
900 1757 1129 1802 hominum
1148 1793 1158 1811 ‚
1183 1754 1251 1801 vel
1274 1754 1422 1808 audita
1439 1790 1450 1809 ‚
1474 1752 1542 1801 vel

165 1830 353 1891 cognita.
377 1828 507 1875 Vides
524 1830 639 1884 enim
663 1845 764 1893 quae
782 1828 835 1875 de
853 1828 1001 1875 vestris
1023 1839 1184 1874 taceam
1198 1863 1208 1883 ‚
1237 1835 1284 1871 ut
1307 1824 1361 1871 de
1377 1824 1542 1884 origine

165 1900 411 1948 schismatis
426 1937 437 1957 ,
465 1900 544 1946 ubi
562 1910 654 1945 tota
674 1917 801 1946 causa
818 1910 880 1945 est
898 1916 963 1945 res
987 1909 1155 1959 agatur.
1190 1896 1406 1942 Dominus
1424 1898 1543 1950 Deus

167 1971 348 2035 inspiret
370 1971 455 2017 tibi
485 1971 792 2031 cogitationem
813 1970 1044 2035 pacificam
1061 2006 1072 2026 ,
1101 1966 1398 2025 desiderabilis
1418 1976 1461 2014 et
1484 1964 1548 2012 di-

169 2041 280 2090 lecte
301 2040 449 2090 frater.
