1902 3268
650 293 863 325 r21³1srorA
898 295 1027 325 Lxxx.
1477 281 1541 342 93

165 379 300 427 usque
326 362 382 408 ad
404 362 536 408 finem
558 360 662 407 vitae
682 376 770 405 suae
797 377 808 404 t
838 359 911 405 sed
935 369 1110 423 repente
1128 361 1272 419 jussus
1293 359 1539 417 occidere¹‚

162 432 350 479 mutavit
381 431 532 494 utique
564 447 652 476 non
686 429 808 493 prius
841 429 998 475 malam
1029 429 1309 485 seutentiam,
1349 429 1422 475 sed
1445 447 1545 493 quae

159 502 274 549 mala
292 513 413 559 esset,
431 502 464 547 si
475 511 575 565 post
585 504 752 561 J‘ussum
779 510 945 547 mutata
968 510 1056 547 no'n
1076 511 1182 547 esset
1204 518 1214 545 :
1236 500 1342 547 hinc
1365 516 1542 564 quoque

159 589 248 619 non
271 571 429 618 dubito
455 570 567 617 nihil
591 570 710 616 aliud
727 570 865 617 videri
885 571 980 618 tibi.

225 643 309 689 ΙΙΙ.
354 641 440 688 Sed
465 641 725 705 plerumque
748 658 837 687 non
860 657 965 687 voce
988 640 1041 687 de
1062 640 1175 687 coelo
1193 678 1205 697 ,
1231 658 1319 687 non
1343 657 1422 703 per
1439 644 1544 688 Pro-

159 712 341 776 phetam
362 749 373 768 ‚
411 729 499 758 non
530 729 608 775 per
636 710 939 758 revelationem
970 710 1037 757 vel
1069 710 1224 756 somnii
1261 709 1332 756 vel
1352 727 1543 757 excessus

158 785 333 842 mentis,
363 785 439 850 qui
460 785 624 831 dicitur
639 784 790 830 extasis
812 820 823 840 ,
847 783 919 830 sed
942 784 1071 830 rebus
1088 783 1192 847 ipsis
1216 783 1538 840 accidentibus,

157 865 202 902 et
234 855 289 902 ad
325 855 443 902 aliud
471 872 603 920 quarn
632 865 918 901 statueramus
952 855 1215 901 vocantibus
1238 854 1438 915 cogimur
1461 871 1541 915 ag·-

157 943 334 973 noscere
369 926 449 972 Dei
483 925 753 972 voluntatem
791 941 877 970 esse
911 924 1039 971 aliam
1070 942 1204 989 quam
1239 935 1331 971 erat
1356 934 1537 970 nostra:

158 1007 368 1061 tanquam
405 998 440 1043 si
471 995 693 1061 proficisci
718 1006 1000 1041 statueremus
1021 1033 1032 1052 ‚
1069 1005 1111 1042 et
1154 994 1321 1059 aliquid
1357 994 1543 1041 oriretur

158 1067 279 1132 quod
300 1067 497 1114 consulta
529 1066 582 1113 de
605 1066 748 1113 officio
771 1077 918 1113 nostro
939 1067 1096 1113 veritas
1129 1076 1294 1113 vetaret
1314 1065 1506 1112 deserere
1526 1102 1537 1122 ‚

160 1147 237 1184 aut
258 1137 593 1184 decernentibus
617 1138 682 1184 ibi
702 1154 876 1184 manere
897 1137 1173 1183 nuntiaretur
1196 1136 1362 1200 aliquid
1381 1173 1392 1194 ‚
1420 1136 1541 1200 quod

158 1207 307 1254 eadem
345 1209 526 1255 veritate
559 1208 756 1254 consulta
780 1225 858 1254 nos
891 1207 1173 1271 compelleret
1206 1206 1443 1271 proficisci.
1475 1207 1540 1252 Dc

158 1278 247 1324 hoc
265 1278 391 1325 tertio
406 1296 558 1339 genere
578 1295 810 1326 causarum
829 1279 1055 1324 mutandae
1072 1279 1313 1334 sententiae,
1336 1276 1444 1341 quid
1463 1276 1542 1322 tibi

157 1347 358 1394 videatur
381 1360 483 1412 peto
517 1366 688 1396 mecum
723 1349 895 1413 plenius
930 1359 972 1395 et
996 1348 1223 1394 enodatius
1254 1347 1533 1411 colloquaris.

160 1418 289 1484 Saepe
319 1437 397 1466 nos
416 1421 584 1485 quippe
611 1420 879 1477 conturbat,
907 1431 948 1467 et
981 1419 1156 1466 difficile
1173 1430 1236 1466 est
1259 1436 1349 1465 non
1375 1417 1542 1482 aliquid

157 1489 278 1554 quod
304 1491 440 1551 magis
467 1491 716 1537 faciendum
749 1502 842 1537 erat
864 1491 1083 1547 omittere,
1107 1489 1214 1536 dum
1234 1488 1345 1536 illud
1371 1499 1542 1535 mutare

157 1560 381 1617 nolumus,
407 1562 454 1608 in
477 1579 564 1626 quo
590 1562 711 1626 prius
731 1579 985 1626 permanere
1005 1572 1290 1608 statueramus
1306 1598 1318 1618 ,
1337 1577 1425 1606 non
1436 1558 1541 1625 qui-

159 1629 257 1677 dem
279 1630 464 1689 malum,
493 1649 643 1679 verum
659 1636 748 1693 jam
773 1632 871 1679 ideo
895 1632 1083 1689 malum,
1107 1633 1208 1696 quia
1241 1630 1287 1677 id
1309 1629 1429 1695 quod
1452 1647 1540 1693 po-

160 1700 247 1747 tius
267 1701 482 1761 agendum
516 1713 605 1760 est,
634 1720 866 1749 occurrens
895 1702 1131 1759 deseritur,
1154 1701 1274 1765 quod
1298 1702 1332 1747 si
1355 1717 1443 1746 non
1469 1717 1541 1746 oc-

159 1781 352 1818 curreret
371 1808 384 1829 ‚
407 1789 496 1818 non
519 1773 661 1819 solum
696 1773 785 1819 sine
808 1772 1128 1837 vituperatione
1144 1808 1156 1830 ,
1182 1771 1256 1817 sed
1285 1771 1415 1816 etiam
1438 1786 1541 1816 cum

158 1840 288 1888 laude
306 1879 317 1898 ,
348 1842 394 1888 in
417 1843 492 1888 illo
511 1845 657 1907 priore
680 1843 1004 1907 perduraretur.
1034 1848 1118 1890 Hic
1145 1860 1233 1888 non
1255 1841 1349 1888 falli
1365 1840 1542 1887 difficile

159 1922 248 1967 est3
271 1911 347 1958 hic
370 1913 549 1959 omnino
575 1931 654 1960 vox
672 1914 933 1978 prophetica
954 1913 1163 1977 praevalet
1183 1949 1195 1967 ‚
1221 1933 1241 1954 «
1262 1910 1430 1957 Delicta
1443 1910 1540 1974 quis

159 1983 494 2045 ›2intelligit1?›>
516 1984 632 2031 Hinc
654 2002 748 2042 oro,
776 1985 1039 2049 participem
1070 2001 1138 2030 me
1157 1984 1290 2030 facias
1307 1981 1539 2041 cogitatio-

159 2070 267 2100 num
294 2064 489 2112 tuarum,
505 2055 615 2119 quid
631 2055 677 2101 in
694 2055 854 2102 talibus
871 2055 939 2103 vel
957 2055 1097 2103 facere
1119 2053 1270 2111 soleaS‚
1291 2051 1360 2100 vel
1376 2050 1537 2099 facien-

160 2122 378 2170 dum‘esse
401 2125 603 2189 reperias,

205 2223 221 2247 ¹
237 2224 323 2259 Gen.
340 2233 424 2257 xxn.
438 2241 482 2248 —
498 2221 514 2246 ²
531 2221 616 2259 Psil.
634 2227 802 2266 xv111,13.
