1902 3268
313 264 404 318 334
732 278 769 309 11.
811 276 1058 309 Aue-,usum
1094 276 1296 307 EPIscorl

319 342 521 389 Christus
562 342 792 390 admonuit
817 381 829 400 ,
859 360 960 389 curn
994 340 1195 389 volumus
1231 352 1327 387 ante
1360 351 1532 405 tempus
1566 337 1697 386 colli·-

319 430 416 474 gere
438 414 600 460 zizania
618 451 628 469 ,
668 430 770 477 quae
802 414 957 459 beatus
982 412 1231 475 Cyprianus
1254 430 1341 459 non
1373 423 1489 458 extra
1509 449 1520 469 ‚
1543 410 1616 457 sed
1649 411 1695 456 in

318 484 512 530 Ecclesia
543 482 683 529 videri
708 482 914 546 cernique
939 493 1115 528 testatus
1144 493 1206 527 est
1223 518 1234 538 ‚
1272 482 1542 528 eradicemus
1565 477 1694 539 simul

316 564 358 599 et
382 554 594 600 triticum.
620 553 770 616 Neque
793 552 909 597 enim
929 569 1072 599 revera
1094 569 1168 597 vos
1187 551 1355 597 habetis
1379 551 1559 616 propria
1577 553 1697 615 quaess

318 622 418 668 dam
442 622 669 686 privilegia
689 622 932 668 sanctitatis
958 659 968 678 ‚
998 632 1046 667 ut
1070 639 1147 668 nos
1170 621 1370 685 polluant
1400 621 1505 668 mali
1526 621 1692 678 nostri,

316 704 358 739 et
380 710 454 739 vos
472 710 561 739 non
582 692 785 757 polluant
810 693 911 739 mali
938 694 1095 751 vestri3
1121 704 1169 739 ut
1188 711 1261 739 vos
1286 693 1466 757 antiqua
1484 690 1696 738 contami-

316 774 413 822 net,
444 780 578 828 quam
611 763 827 809 nescimus
843 801 853 818 ‚
874 763 1084 811 timiditas
1116 763 1378 810 traditorum
1399 800 1407 819 ,
1447 774 1489 809 61
1509 780 1585 809 vos
1609 779 1698 808 non

317 835 585 881 contaminet
603 851 794 898 praesens
810 871 820 891 ‚
850 852 982 898 quam
1014 834 1169 880 videtis
1192 835 1375 881 audacia
1399 833 1690 898 perditorum.

319 908 614 966 Agnoscamus
641 922 786 950 arcam
808 904 924 950 illam
944 942 953 960 ‚
979 921 1078 968 quae
1097 906 1399 969 praefiguravit
1426 904 1662 950 Ecclesiam
1688 940 1700 961 ,

319 976 448 1022 simul
472 976 562 1022 11116
583 975 751 1021 1111111(13
777 975 980 1021 animalia
999 977 1132 1021 simus
1151 1014 1161 1033 ,
1199 993 1278 1022 1166
1314 976 1359 1021 111
1394 993 1442 1020 63
1466 975 1699 1020 nobiscum

319 1047 448 1092 etiam
472 1045 703 1091 immunda
736 1046 902 1108 portari
932 1063 1068 1109 usque
1100 1047 1146 1092 in
1173 1048 1305 1092 finem
1339 1046 1495 1092 diluvii
1528 1062 1702 1091 recuse-

319 1116 460 1165 1111151.
492 1117 631 1163 Simul
651 1117 696 1162 in
716 1133 816 1162 arca
839 1117 1015 1162 fuerunt
1035 1154 1046 1174 ‚
1078 1117 1151 1163 scd
1176 1135 1265 1163 non
1291 1118 1421 1163 simul
1445 1117 1634 1163 Domino
1658 1115 1703 1161 in

320 1187 499 1234 odorem
525 1187 729 1233 sacrificii
767 1186 821 1233 de
859 1187 1098 1234 immundis
1131 1189 1295 1234 obtulit
1336 1189 1446 1235 No'e.
1485 1188 1574 1233 Nec
1605 1185 1702 1232 ideo

321 1268 466 1305 tamen
506 1277 528 1304 a
563 1257 740 1304 mundis
777 1257 999 1321 aliquibus
1036 1276 1137 1304 arca
1179 1270 1276 1304 ante
1314 1269 1486 1322 tempus
1522 1267 1707 1321 propter

321 1328 553 1376 immunda
575 1328 744 1375 deserta
772 1339 848 1375 est.
872 1330 1039 1375 Corvus
1061 1339 1232 1375 tantum
1257 1329 1461 1379 deseruit,
1482 1339 1524 1375 et
1546 1346 1588 1374 se
1609 1337 1707 1374 ante

324 1409 496 1463 tempus
527 1399 583 1445 ab
635 1399 752 1445 illius
787 1416 901 1445 arcae
926 1401 1234 1446 communione
1267 1401 1483 1464 separavit
1509 1418 1519 1446 ε
1547 1398 1621 1445 56(1
1654 1397 1708 1443 de

323 1469 440 1516 binis
471 1468 741 1525 immundis,
780 1486 869 1514 non
903 1469 956 1516 de
987 1471 1172 1533 septenis
1207 1471 1384 1517 mundis
1418 1471 1535 1517 fuit:
1572 1470 1707 1528 hujus

327 1539 611 1604 separationis
642 1539 968 1585 immunditiam
995 1540 1270 1589 detestemur.
1303 1542 1415 1587 Nam
1437 1540 1708 1605 quicumque

328 1611 491 1656 talibus
514 1609 712 1655 moribus
736 1609 979 1655 laudabiles
1013 1621 1136 1667 sunt,
1159 1611 1265 1656 facit
1295 1629 1365 1657 eos
1385 1611 1474 1657 sola
1493 1609 1707 1674 separatio

327 1683 408 1728 ista
433 1680 704 1728 damnabiles
728 1698 739 1725 ι
766 1681 869 1745 quia
893 1680 1008 1726 filius
1032 1682 1172 1727 malus
1196 1682 1287 1746 ipse
1312 1700 1353 1728 se
1369 1685 1536 1742 justum
1562 1680 1672 1726 dicit
1693 1715 1705 1736 ,

329 1754 491 1799 exitum
511 1760 654 1797 autem
679 1767 806 1796 suum
827 1768 914 1796 non
948 1750 1111 1804 abluit;
1133 1754 1333 1816 quamvis
1362 1752 1593 1798 insolenter
1617 1749 1710 1795 ela-

330 1835 399 1870 tus
416 1834 457 1870 et
479 1823 571 1886 ipse
593 1818 671 1867 suo
696 1832 866 1867 tumore
885 1833 1073 1867 cei-{catus
1093 1823 1249 1868 audeat
1275 1822 1418 1868 dicere
1436 1860 1446 1879 ,
1466 1820 1584 1885 quod
1603 1821 1711 1866 Pro-

332 1895 470 1959 pheta
492 1891 740 1957 praevidens
768 1891 999 1938 detestatus
1016 1904 1101 1949 est,
1122 1915 1142 1935 «
1163 1893 1261 1939 Noli
1290 1911 1357 1939 1116
1376 1904 1549 1953 tangere
1565 1929 1575 1947 ‚
1596 1907 1682 1955 quo
1696 1916 1710 1925 -

332 1987 353 2008 >)
376 1965 493 2010 niam
530 1962 721 2008 mundus
747 1964 889 2009 sumf'.
929 1985 949 2005 ›>
994 1964 1202 2027 Quisquis
1241 1982 1340 2024 ergo
1376 1974 1475 2009 ante
1504 1974 1675 2025 tempus
1695 1997 1707 2017 ,

331 2036 452 2082 velut
488 2044 669 2098 propter
689 2033 985 2096 quorumdam
1028 2035 1381 2091 immunditiam,
1409 2031 1711 2093 congregatio-

333 2119 434 2154 nem
459 2106 591 2165 hujus,
618 2103 774 2149 deserit
795 2104 970 2149 unitatis
991 2141 1000 2159 ‚
1027 2115 1235 2168 tanquam
1267 2122 1411 2150 arcam
1436 2104 1482 2150 in
1508 2102 1674 2149 diluvio
1696 2137 1707 2158 ,

334 2176 499 2224 munda
517 2186 644 2237 atque
662 2174 887 2219 immunda
905 2186 1170 2237 portantem,
1193 2175 1380 2221 ostendit
1399 2192 1440 2220 se
1460 2173 1608 2238 potius
1624 2172 1712 2217 hoc

335 2265 436 2303 esse,
464 2245 585 2310 quod
601 2244 728 2304 fugit.
759 2244 855 2290 Hoc
878 2245 1017 2291 voluit
1039 2247 1276 2304 Dominus,
1301 2256 1406 2292 utet
1429 2246 1475 2292 in
1492 2244 1578 2290 hac
1601 2242 1712 2290 civi-

335 2328 422 2366 tate
443 2317 572 2381 plebs
597 2326 671 2361 tua
693 2332 774 2379 per
799 2332 845 2361 os
872 2316 1118 2376 cujusdam.

385 2410 397 2433 ¹
418 2410 503 2444 Gen.
520 2417 579 2448 vu,
597 2408 628 2440 8.
641 2423 687 2432 —
703 2405 718 2429 ²
739 2406 813 2441 Isai.
832 2417 906 2447 va,
920 2407 955 2442 5.
