1902 3268
619 216 831 246 Erisrom
868 217 1055 248 Lxxvut.
1466 206 1525 251 85

142 282 311 332 viderer
334 282 556 341 injuriam,
580 280 614 326 si
648 280 763 327 illius
776 281 995 341 judicium
1016 298 1110 327 meo
1131 282 1283 328 vellem
1301 285 1519 347 praejitdi-

145 354 214 401 cio
236 352 475 417 praevenire
503 369 514 397 :
537 350 658 415 quod
677 368 756 397 nec
777 352 822 397 in
850 352 1030 412 negotiis
1055 352 1338 400 saecularibus
1354 356 1525 415 judices

145 423 335 480 faciunt,
353 421 532 487 quando
555 439 698 468 causae
723 422 943 469 dubitatio
958 423 1013 469 ad
1038 427 1244 484 majorem
1270 436 1525 489 potestatem

144 493 344 550 refertur,
364 504 413 540 ut
430 492 647 557 pendente
685 493 890 539 relatione
920 493 1085 556 aliquid
1111 495 1300 541 audeant
1319 513 1525 544 commu-

144 575 248 612 tare.
271 565 328 610 Et
354 564 401 611 in
421 563 729 627 episcoporum
762 563 982 610 concilio‘1
1008 565 1297 613 constitutum
1321 579 1399 624 est,
1424 568 1527 615 nul-

91 648 94 651 *
143 635 237 683 lum
275 635 501 691 clericum,
544 635 621 698 qui
659 634 855 681 nondum
898 635 1127 681 convictus
1156 637 1208 682 sit
1229 675 1239 693 ,
1274 639 1479 703 suspendi
1506 658 1529 686 a

143 707 451 754 communione
476 705 650 759 debere,
680 705 761 751 nisi
783 705 836 751 ad
855 722 1031 751 causam
1052 722 1174 752 snam
1195 709 1524 756 examinandam

143 793 188 823 se
210 793 300 823 non
322 776 664 841 praesentaverit.
708 774 962 821 Bonifacius
986 786 1130 822 tamen
1156 777 1274 824 hanc
1293 779 1528 826 humilita-

147 857 232 894 tem
274 846 482 911 suscepit,
511 855 559 892 ut
586 861 666 891 nec
689 844 853 891 litteras
879 845 1113 908 acciperet,
1154 848 1318 911 quibus
1341 849 1386 895 in
1406 867 1532 914 pere-

144 916 387 977 grinatione
423 915 637 962 honorem
677 931 804 961 suum
838 926 1068 979 quaereret,
1113 927 1162 962 ut
1187 918 1232 963 in
1255 935 1305 964 eo
1330 918 1428 966 loco
1454 921 1532 966 ubi

146 987 278 1032 ambo
295 986 431 1047 ignoti
455 996 556 1032 sunt
575 1022 586 1041 ,
622 985 738 1031 circa
765 985 919 1032 ambos
938 986 1165 1050 aequalitas
1186 1000 1443 1037 servaretur.
1478 993 1535 1037 Et

142 1073 263 1104 nunc
287 1057 322 1103 si
339 1056 464 1103 vobis
483 1056 626 1120 placet
646 1067 694 1102 ut
719 1073 878 1102 nomen
909 1060 1000 1117 ejus
1036 1075 1123 1103 non
1151 1060 1372 1116 recitetur,
1395 1061 1530 1118 neiis,

146 1127 224 1192 qui
244 1127 298 1174 ad
315 1127 554 1174 Ecclesiam
582 1127 788 1174 accedere
811 1127 984 1185 nolunt,
1020 1128 1135 1174 sicut
1169 1130 1229 1175 ait
1268 1131 1503 1194 Apostolus
1522 1170 1532 1188 ‚

148 1198 299 1244 demus
333 1198 604 1244 occasionem
638 1198 940 1261 quaerentibus
978 1200 1249 1246 occasionem
1266 1202 1308 1256 2;
1333 1219 1421 1247 non
1458 1203 1539 1248 erit

147 1279 346 1315 nostrum
363 1268 451 1314 hoc
463 1268 647 1324 factum,
672 1269 747 1314 sed
770 1286 919 1315 eorum
934 1286 1123 1333 quorum
1150 1288 1280 1317 causa
1298 1272 1538 1318 fueritfac--

149 1349 257 1386 tum.
289 1337 410 1396 Quid
427 1338 543 1384 enim
566 1338 692 1384 obest
711 1338 899 1394 homini,
941 1339 1061 1403 quod
1088 1356 1135 1385 ex
1172 1340 1246 1385 illa
1273 1340 1421 1388 tabula
1451 1359 1539 1388 non

148 1408 245 1455 vult
265 1424 364 1454 eum
389 1408 564 1454 recitari
594 1407 789 1454 humana
815 1408 1079 1468 ignorantia,
1110 1410 1144 1456 si
1168 1409 1222 1456 de
1256 1411 1373 1456 libro
1412 1413 1541 1459 vivo-

147 1495 246 1525 rum
262 1495 350 1524 non
370 1495 469 1524 eum
489 1477 769 1542 deletiniqua
792 1479 1073 1527 conscientia.

214 1549 267 1596 V.
296 1547 506 1604 Proinde,
521 1548 677 1595 fratres
694 1549 795 1604 mei,
818 1549 895 1613 qui
915 1550 1075 1596 timetis
1095 1551 1253 1608 Deum,
1281 1564 1541 1599 mementote

149 1619 269 1684 quod
295 1619 356 1666 ait
379 1619 599 1683 apostolus
619 1623 770 1665 Petrus
797 1638 808 1664 ε
829 1641 844 1660 α
867 1621 1087 1677 Quoniam
1108 1621 1376 1668 adversarius
1399 1634 1538 1669 vester

152 1689 387 1736 »diabolus
410 1700 619 1753 tanquam
654 1690 721 1735 leo
749 1690 920 1750 rugiens
955 1692 1162 1737 circumit
1188 1709 1389 1756 quaerens
1407 1711 1536 1757 quem

152 1781 173 1803 >³
193 1760 370 1806 devoret
387 1759 418 1806 3.
439 1782 458 1802 »
479 1761 622 1817 Quem
647 1777 735 1805 non
758 1770 901 1823 potest
919 1760 1000 1807 dev
1005 1778 1125 1807 orare
1147 1762 1375 1809 seductum
1394 1764 1447 1809 ad
1466 1781 1537 1809 ne-

150 1831 365 1896 quitiam,
405 1830 567 1876 famam
607 1831 745 1893 ipsius
785 1831 1016 1894 inquinare
1053 1842 1256 1889 conatur,
1289 1844 1337 1878 ut
1377 1834 1411 1879 si
1446 1834 1537 1880 fieri

151 1911 297 1965 potest
315 1900 566 1964 opprobrns
597 1900 828 1946 hominum
868 1912 911 1946 et
953 1918 992 1946 m
1000 1901 1165 1947 altrum
1188 1902 1438 1962 linguarum
1457 1904 1536 1950 dc-

155 1970 364 2017 tractione
400 1970 601 2028 deficiat,
642 1981 685 2016 et
715 1971 776 2016 sic
805 1971 849 2016 in
872 1975 963 2031 ejus
988 1970 1134 2017 fauces
1168 1983 1279 2019 ruat.
1319 1973 1365 2019 Si
1396 1985 1537 2020 autem

142 2045 235 2088 ‘nec
251 2040 412 2087 famam
439 2041 683 2087 innocentis
702 2041 922 2087 maculare
941 2042 1152 2106 potuerit,
1181 2042 1268 2088 hoc
1292 2044 1330 2089 ei
1355 2062 1539 2107 persua-

155 2112 257 2160 dere'
289 2121 445 2168 tentat,
474 2123 522 2158 ut
556 2129 635 2175 per
666 2112 892 2158 malivolas
916 2113 1181 2176 suspiciones
1221 2113 1274 2159 de
1309 2113 1440 2160 fratre
1464 2133 1541 2162 suo

151 2181 338 2243 judicet,
368 2182 495 2228 etsie
528 2183 583 2228 ab
610 2182 685 2228 illo
729 2183 981 2247 implicatus
1021 2184 1320 2231 absorbeatur.
1370 2186 1424 2230 Et
1445 2188 1542 2249 quis

158 2271 304 2300 omnes
321 2257 413 2313 ejus
435 2254 656 2317 captiones
672 2265 713 2299 et
737 2255 1130 2300 circumventiones
1156 2255 1223 2300 vel
1249 2256 1538 2318 comprehen-

159 2325 260 2371 dere
285 2325 349 2370 vel
377 2341 628 2371 enumerare
653 2325 868 2372 sufficiat?
896 2326 1113 2372 Adversus
1148 2336 1288 2372 tamen
1314 2325 1412 2372 haec
1435 2329 1534 2383 tria,

160 2410 260 2458 quae
285 2393 340 2439 ad
363 2411 540 2440 causam
563 2405 821 2458 praesentem
866 2397 1084 2459 pertinent
1123 2395 1325 2459 propius,
1346 2413 1400 2441 ne
1424 2398 1536 2444 mala

158 2464 352 2529 exempla
373 2464 587 2511 imitando
612 2465 666 2512 ad
689 2467 925 2531 nequitiam
956 2466 1244 2523 seducamini,
1270 2468 1329 2513 ita
1353 2484 1430 2514 vos
1458 2486 1532 2534 per

211 2547 219 2569 ¹
237 2546 385 2590 Carthag.
405 2549 435 2580 3.
450 2558 502 2582 an.
526 2550 587 2590 397
609 2559 679 2583 can.
702 2561 716 2589 7
740 2555 772 2581 et
797 2552 830 2582 8.
846 2569 890 2574 --
907 2549 923 2573 2
943 2562 954 2582 1
974 2552 1047 2584 Cor.
1065 2562 1184 2591 x1‚12.
1203 2568 1249 2574 —
1267 2548 1282 2574 3
1305 2563 1317 2583 1
1342 2553 1428 2586 Petr.
1451 2564 1481 2596 v,
1504 2567 1521 2586 2
