1902 3268
287 286 382 336 358
711 309 743 337 s.
793 306 1034 340 mensum
1070 307 1277 340 Errscom

284 470 532 484 §mmmmm
541 472 654 483 monn
663 471 910 484 xxme-uwss
924 474 972 484 ηπ
981 471 1467 487 wmmmaezzxxwwsmm
1476 476 1527 487 ss*
1537 476 1640 493 m„

736 581 1003 625 EPISTULA
1037 581 1196 626 CXVII
1213 583 1245 626 ¹.

285 707 515 750 Dioscorus
541 707 601 750 ad
634 707 676 749 A
684 709 941 766 agustinum
967 709 1100 751 mittit
1128 710 1292 752 multas
1322 712 1575 767 quaestiones
1607 728 1660 755 ccc

251 769 254 772 ⁴
331 775 458 819 libris
482 775 730 825 Ciceronis,
757 791 919 833 rogans
940 786 1171 820 obmalare
1187 779 1333 821 adeas
1356 780 1623 837 respondeat.

308 933 311 935 “
355 933 376 959 c<
398 917 680 963 P‘RoomnAm
705 917 825 981 apud
846 928 886 964 te
906 935 992 964 non
1018 918 1157 965 solum
1179 920 1450 984 superfluum
1479 931 1542 967 est
1558 957 1570 977 ‚
1591 921 1665 967 sed

287 992 417 1040 etiam
441 991 690 1050 molestum,
713 992 791 1056 qui
820 1010 933 1049 rem,
958 1011 1044 1040 non
1072 994 1207 1041 verba
1231 995 1461 1043 desideras.
1484 996 1675 1061 Ideoque

288 1062 545 1127 simpliciter
574 1062 691 1111 audi.
733 1063 865 1109 Senex
911 1064 1093 1128 Alypius
1126 1077 1301 1126 rogatus
1335 1084 1358 1112 a
1389 1085 1486 1124 me,
1520 1068 1679 1132 saepius

288 1129 513 1200 pollicitus
544 1145 661 1191 erat,
706 1144 850 1181 tecum
887 1135 1147 1198 respondere
1173 1136 1446 1197 dialogorum
1479 1139 1681 1202 pauculis

290 1204 719 1271 interrogatiunculis
754 1223 765 1251 :
805 1217 847 1252 et
884 1207 1095 1269 quoniam
1139 1207 1184 1254 in
1218 1209 1483 1255 Mauritania
1519 1209 1683 1256 dicitur

294 1276 515 1341 hodieque
531 1293 636 1333 esse,
666 1287 769 1341 peto
790 1277 956 1324 viribus
974 1278 1180 1325 omnibus
1207 1290 1250 1325 et
1270 1297 1374 1340 rogo
1395 1317 1406 1337 ‚
1434 1290 1483 1326 ut
1503 1291 1550 1326 tu
1570 1280 1684 1326 solus

294 1345 561 1413 respondere
580 1347 790 1408 digneriS‚
812 1348 931 1412 quod
951 1349 1078 1396 etiam
1099 1360 1314 1413 praesente
1328 1350 1423 1414 ipso
1442 1350 1573 1396 fratre
1590 1361 1683 1407 tuo,

300 1418 390 1464 sine
418 1417 561 1484 ‘dubio
583 1417 781 1464 facturus
802 1436 908 1466 eras.
942 1421 1037 1465 Non
1066 1431 1127 1466 est
1147 1421 1335 1484 pecunia
1356 1458 1366 1477 ‚
1402 1439 1489 1467 non
1514 1433 1577 1467 est
1606 1439 1687 1468 au·-

266 1553 268 1555 ·
301 1500 421 1555 rum,
441 1488 560 1553 quod
589 1506 671 1552 pro
690 1490 844 1554 quovis
867 1490 1048 1536 daturus
1075 1508 1165 1536 eras
1186 1492 1342 1554 procul
1367 1491 1522 1547 dubio,
1549 1493 1582 1538 si
1602 1492 1687 1538 lia-

301 1560 446 1617 beres3
485 1575 605 1606 nunc
638 1576 740 1606 vero
780 1561 870 1607 sine
906 1561 1055 1608 labore
1091 1562 1279 1625 loqueris
1301 1599 1311 1618 ‚
1347 1562 1466 1626 quod
1494 1563 1684 1627 requiro,

302 1631 478 1678 Possem
502 1639 543 1676 te
558 1630 659 1694 plus
694 1641 736 1676 et
768 1648 845 1695 per
877 1632 1038 1677 multos
1067 1632 1222 1678 charos
1261 1643 1357 1678 tuos
1383 1650 1554 1679 exorare
1579 1653 1590 1687 ;
1617 1633 1692 1679 sed

306 1700 410 1748 novi
433 1700 627 1748 animum
646 1711 790 1757 tuum,
819 1702 896 1766 qui
920 1720 1006 1748 non
1032 1704 1173 1764 rogari
1192 1703 1426 1760 desiderat,
1454 1703 1527 1750 sed
1547 1703 1693 1750 omni-

309 1772 395 1819 bus
417 1782 644 1836 praestare,
668 1774 704 1820 si
722 1783 892 1819 tantum
917 1774 1028 1819 absit
1050 1773 1171 1838 quod
1186 1773 1383 1831 dedecet,
1406 1774 1527 1838 quod
1545 1774 1591 1821 in
1609 1774 1695 1821 hac

309 1859 355 1891 re
376 1843 550 1908 penitus
579 1843 691 1890 nihil
724 1855 785 1890 est
807 1844 1030 1891 dedecoris
1052 1863 1064 1890 t
1095 1855 1237 1904 tamen
1261 1845 1576 1909 quodeumque
1601 1855 1692 1901 est,

310 1924 413 1980 peto
427 1925 606 1978 praestes
626 1915 898 1976 navigaturo.
923 1916 1046 1962 Nosti
1065 1933 1197 1979 quam
1212 1916 1324 1962 mihi
1344 1916 1697 1963 molestissimum

312 1996 375 2031 est
399 1986 522 2031 oneri
553 2003 640 2032 esse
663 2023 674 2042 ‚
715 2004 803 2032 non
831 1986 931 2032 dico
955 1987 1191 2031 sinceritati
1227 1998 1313 2032 tuae
1332 2024 1343 2043 ,
1374 1987 1447 2032 sed
1483 1987 1692 2050 cuipiam.

317 2056 446 2102 Solus
471 2067 615 2102 autem
647 2057 763 2102 Deus
787 2058 925 2113 novit,
947 2057 1172 2121 quomodo
1198 2057 1334 2103 nimia
1356 2058 1605 2103 necessitate
1622 2057 1702 2103 im-

317 2126 470 2192 pulsus
497 2126 585 2173 hoc
604 2126 700 2175 feci.
726 2127 861 2174 Vobis
879 2129 993 2174 enim
1021 2128 1174 2184 salvi5‚
1202 2139 1243 2174 et
1262 2127 1431 2174 favente
1459 2130 1549 2174 Deo
1574 2128 1700 2174 navi-

317 2209 495 2259 gaturus
530 2215 663 2244 sum:
699 2210 742 2246 et
781 2216 918 2245 mores
948 2199 1183 2245 hominum
1218 2217 1306 2245 non
1347 2200 1554 2259 ignoratis
1577 2236 1587 2254 ,
1626 2199 1705 2264 qui

319 2268 535 2334 proclives
555 2270 725 2316 suntad
747 2270 1102 2335 vituperandum,
1118 2281 1160 2316 et
1182 2287 1334 2334 quam,
1360 2271 1394 2315 si
1415 2271 1705 2331 interrogatus

318 2340 417 2404 quis
441 2357 530 2386 non
547 2341 838 2404 responderit,
867 2341 1070 2387 indoctus
1094 2352 1135 2386 et
1159 2341 1293 2386 hebes
1317 2341 1546 2404 putabitur
1564 2340 1697 2387 vides.

320 2411 435 2470 Ergo
456 2447 467 2467 ‚
499 2410 682 2457 obsecro
701 2423 740 2458 te
755 2450 764 2463 ,
792 2413 846 2458 ad
872 2413 1017 2458 omnia
1038 2413 1127 2458 sine
1149 2413 1429 2458 cunctatione
1460 2411 1674 2475 responde
1690 2447 1701 2466 ‚

319 2497 373 2528 ne
393 2497 461 2527 me
480 2482 643 2529 tristem
665 2482 875 2531 dimittas.
908 2484 979 2530 Sic
1006 2482 1179 2531 videam
1208 2493 1412 2548 parentes
1441 2500 1554 2528 meos
1573 2502 1584 2536 ;
1602 2481 1704 2547 quia

371 2589 383 2614 ¹
414 2591 501 2625 Alias
529 2604 578 2625 ιν.
612 2604 683 2637 quas
709 2599 814 2626 autem
849 2604 909 2634 117
941 2598 1034 2633 erat,
1061 2603 1147 2627 nunc
1177 2598 1207 2630 4.
1231 2608 1277 2617 -
1305 2591 1429 2635 Scripta
1458 2591 1543 2623 forte
1574 2590 1706 2623 ineunte

323 2658 377 2683 an.
403 2654 477 2686 410.
