1902 3268
639 261 851 292 ErisrotA
888 264 1016 293 cxxx.
1422 249 1512 311 407

141 326 369 398 reperitur.
398 325 574 373 Divitiae
594 326 760 388 quippe
781 336 908 389 atque
922 325 1089 386 fastigia
1109 326 1372 387 dignitatum
1389 365 1399 383 ,
1427 345 1519 374 cae-

143 407 319 460 teraque
337 394 593 456 hujusmodi
622 395 785 458 quibus
804 413 845 441 se
864 395 1007 442 felices
1030 414 1117 442 esse
1136 407 1294 460 putant
1321 397 1522 444 mortales

143 482 256 518 verae
278 465 394 513 illius
416 465 635 511 felicitatis
664 476 880 528 expertes,
917 466 1023 530 quid
1048 468 1232 513 afferunt
1259 467 1518 514 consolatio-

142 535 208 581 nis
224 573 234 592 ,
263 552 362 582 cum
389 535 515 582 siteis
537 553 624 581 non
641 535 836 597 indigere
858 554 989 602 quarn
1011 538 1197 584 eminere
1216 538 1521 602 praestantius3

142 622 244 674 quae
266 606 366 671 plus
383 606 631 659 excruciant
648 606 805 671 adepta
823 607 975 661 timore
992 608 1229 655 amissionis
1245 646 1256 665 ‚
1273 626 1407 672 quam
1427 626 1528 656 con·

144 677 295 740 cupita
331 676 575 742 adeptionis
600 677 785 723 ardore?
816 678 998 724 Talibus
1022 679 1150 724 bonis
1176 696 1264 725 non
1301 680 1414 725 fiunt
1441 679 1523 725 ho-

144 747 281 803 mines
298 747 405 792 boni
421 784 432 803 ‚
454 747 527 792 sed
547 746 722 793 aliunde
740 748 846 793 boni
867 748 971 793 facti
989 749 1100 793 bene
1121 748 1282 793 utendo
1297 748 1464 794 faciunt
1480 760 1527 794 ut

144 815 225 871 ista
248 816 333 862 sint
355 816 486 862 bona.
516 818 612 862 uon
632 827 732 862 sunt
753 834 854 878 ergo
889 817 933 862 in
956 817 1006 862 iis
1029 818 1129 863 vera
1160 817 1309 863 solatia
1328 855 1339 874 ‚
1367 818 1439 864 sed
1462 818 1525 864 ibi

146 886 315 951 potius,
343 887 422 932 ubi
439 903 537 932 vera
560 886 663 933 vita.
699 888 732 932 N
748 905 815 936 ani
837 886 940 933 inde
958 904 1125 933 necesse
1146 899 1207 934 est
1230 899 1278 934 ut
1301 889 1377 943 fiat
1394 889 1529 935 homo

146 958 323 1016 beatus,
347 957 463 1011 unde
494 958 543 1003 fit
577 959 738 1005 bonus.

212 1028 287 1084 lV.
322 1028 532 1074 Homines
565 1039 709 1074 autem
738 1029 847 1075 boni
870 1029 1075 1077 videntur
1101 1032 1229 1077 etiam
1262 1031 1307 1078 in
1340 1031 1425 1077 hae
1444 1033 1533 1080 vita

149 1109 355 1162 praestare
385 1116 472 1150 non
497 1117 635 1163 parva
662 1099 829 1148 solatia.
867 1101 979 1147 Nam
1010 1103 1044 1147 si
1066 1113 1304 1166 paupertas
1329 1103 1470 1162 angit,
1501 1103 1537 1151 si

149 1165 295 1216 luctus
314 1170 590 1225 moestificat,
612 1170 645 1216 si
666 1169 792 1216 dolor
813 1171 1009 1234 corporis
1032 1172 1246 1236 inquietat
1264 1210 1273 1228 ‚
1300 1173 1334 1218 si
1353 1174 1535 1219 contris-

151 1252 216 1287 tat
239 1241 438 1299 exilium,
465 1242 499 1288 si
515 1242 603 1288 ulla
630 1242 854 1288 calamitas
877 1243 960 1289 alia
984 1255 1135 1301 vexat,
1160 1244 1301 1290 adsint
1325 1245 1432 1291 boni
1449 1245 1536 1291 ho—

152 1311 314 1369 mines,
339 1313 415 1376 qui
431 1330 519 1364 non
533 1313 672 1359 solum
694 1313 880 1373 gaudere
897 1331 998 1360 cum
1020 1315 1335 1374 gaudentibus,
1357 1332 1536 1362 verum-

151 1381 282 1428 etiam
305 1381 409 1428 flere
435 1399 538 1429 cum
560 1383 768 1430 flentibus
801 1394 967 1429 norunt
980 1384 1013 1442 1,
1042 1395 1083 1430 et
1115 1385 1350 1431 salubriter
1372 1384 1536 1449 alloqui

153 1462 197 1506 et
216 1452 408 1517 colloqui
427 1453 595 1510 sciunt,
627 1453 868 1517 plurimum
893 1454 968 1500 illa
987 1472 1137 1518 aspera
1154 1454 1397 1513 leniuntur,
1424 1455 1536 1500 rele-

151 1535 314 1581 vamur
332 1526 478 1586 gravia
495 1563 507 1583 ,
539 1537 802 1590 superantur
828 1526 1018 1575 adversa.
1044 1527 1130 1573 Sed
1153 1527 1225 1574 ille
1244 1527 1332 1574 hoc
1356 1528 1401 1573 in
1422 1528 1480 1574 eis
1493 1539 1536 1574 et

153 1613 233 1665 per
256 1613 327 1642 eos
351 1597 467 1657 agit,
491 1598 568 1662 qui
593 1597 763 1661 Spiritu
786 1615 863 1647 suo
884 1598 1025 1644 bonos
1054 1598 1169 1646 fecit.
1197 1600 1389 1645 Econtra
1408 1599 1442 1645 si
1462 1599 1534 1645 di—

154 1666 274 1722 vitiae
296 1667 608 1717 circumfluant
624 1706 636 1726 ‚
667 1668 789 1714 nulla
808 1669 973 1715 orbitas
1002 1669 1172 1716 accidat
1187 1707 1198 1726 ‚
1245 1670 1357 1715 adsit
1378 1670 1534 1717 sanitas

156 1737 298 1793 carnis
312 1774 324 1795 ,
355 1737 567 1784 incolumi
589 1739 816 1785 habitetur
838 1740 883 1786 in
904 1741 1069 1803 patria,
1092 1751 1133 1786 et
1149 1740 1408 1787 cohabitent
1429 1743 1534 1790 mali

154 1809 355 1857 homines
372 1846 383 1866 ,
417 1811 463 1856 in
482 1810 643 1873 quibus
666 1827 792 1856 nemo
825 1811 879 1857 sit
909 1812 980 1859 cui
1005 1812 1112 1858 fides
1135 1811 1368 1868 habeatur,
1393 1830 1414 1858 a
1440 1831 1530 1878 quo

155 1898 246 1928 non
270 1880 422 1938 dolus,
445 1880 588 1938 fram,
610 1881 713 1938 irae,
735 1881 988 1939 discordias,
1008 1882 1179 1929 insidiae
1203 1883 1435 1930 timeantur
1460 1896 1531 1931 at-

157 1968 243 2016 que
257 1951 573 2006 sustineantur3
592 1969 737 1998 nonne
760 1951 834 1998 illa
856 1953 998 2000 omnia
1026 1954 1137 1999 fiunt
1160 1971 1305 2000 amara
1328 1966 1369 2000 et
1389 1954 1499 2002 dura
1517 1995 1527 2013 ‚

158 2038 239 2078 nec
267 2020 433 2086 aliquid
450 2021 600 2071 laetum
621 2022 689 2069 Vel
710 2022 838 2069 dulce
861 2035 922 2070 est
947 2025 992 2070 in
1009 2023 1097 2070 eis?
1115 2024 1176 2071 ita
1199 2024 1244 2070 in
1260 2024 1531 2088 quibuslibet

158 2092 290 2139 rebus
321 2091 527 2141 humanis
563 2092 677 2139 nihil
704 2103 766 2138 est
798 2093 967 2141 homini
1001 2096 1192 2141 amicum
1226 2095 1316 2140 sine
1354 2095 1531 2149 homine

161 2163 316 2220 amico,
340 2161 427 2208 Sed
446 2162 791 2226 quotusquisque
809 2164 905 2210 talis
924 2165 1161 2221 invenitur,
1183 2164 1236 2210 de
1250 2169 1374 2225 cujus
1389 2166 1532 2212 animo

160 2243 203 2280 et
224 2232 420 2285 moribus
447 2232 561 2286 sitin
578 2232 664 2278 hae
679 2233 767 2281 vita
787 2246 903 2282 certa
932 2236 1165 2282 securitas?
1186 2229 1429 2281 Nam'sicut
1446 2237 1532 2283 sibi

161 2303 373 2368 quisque,
403 2319 529 2348 nemo
551 2303 658 2348 alter
682 2303 803 2350 alteri
832 2317 959 2351 notus
983 2317 1066 2361 est3
1093 2316 1134 2352 et
1163 2316 1307 2351 tamen
1338 2323 1417 2352 nec
1449 2307 1533 2354 sibi

163 2370 347 2444 quisque
367 2372 428 2422 ita
449 2383 576 2419 notus
594 2384 679 2430 est,
707 2385 757 2420 ut
774 2376 826 2420 sit
845 2376 899 2422 de
915 2394 988 2423 sua
1007 2376 1192 2422 crastina
1210 2377 1536 2423 conversatione

163 2459 352 2492 securus.
375 2442 567 2489 Proinde
586 2443 785 2507 quamvis
805 2462 852 2490 ex
869 2446 1087 2495 fructibus
1100 2446 1187 2493 suis
1206 2445 1333 2495 multi
1350 2463 1536 2507 cognos-

163 2525 338 2571 cantur,
357 2524 399 2560 et
418 2513 490 2560 alii
513 2513 690 2578 quidem
711 2514 822 2561 bene
840 2515 1026 2564 vivendo
1050 2516 1270 2582 proximos
1286 2514 1508 2564 laetificent
1521 2555 1534 2576 ,

212 2597 225 2622 Ι
243 2585 342 2632 Rom.
361 2608 425 2641 ιιι,
444 2598 499 2635 15,

1298 2659 1372 2707 30.
