1902 3268
328 307 420 353 362
731 322 766 352 s,
811 320 1054 353 Aneusrmr
1091 320 1309 355 Emscol‘l.

325 386 428 442 Tot,
455 394 504 431 ut
529 384 727 448 superius
743 384 848 442 dixi,
865 386 1004 447 legisti
1023 387 1236 448 dialogos,
1261 398 1325 434 tot
1340 386 1710 452 philosophorum

329 455 684 502 altercationibus
709 472 785 501 cor
812 456 1042 504 inseruisti.
1076 457 1158 503 Dic
1182 458 1292 504 mihi
1312 496 1323 514 ,
1350 458 1447 522 quis
1475 473 1627 505 eorum
1653 457 1712 504 fi-

325 544 425 573 nem
447 526 669 572 actionum
691 541 865 571 suarum
894 527 1166 573 constituerit
1189 528 1232 573 in
1256 527 1371 574 fama
1403 528 1541 589 vulgi,
1572 538 1646 574 aut
1666 527 1713 575 111

325 597 475 656 lingua
500 595 733 641 hominum
754 595 828 644 Vel
847 596 1067 643 bonorum
1088 607 1217 660 atque
1236 598 1531 661 sapientium?
1547 599 1617 644 Tu
1633 614 1712 645 au-

328 678 431 723 tem,
448 677 491 712 et
514 666 634 730 quod
670 666 804 727 magis
828 667 1086 731 pudendum
1105 679 1181 725 est,
1201 672 1292 728 jam
1316 668 1613 729 navigaturus,
1640 686 1711 715 sa—

327 738 382 784 tis
396 737 603 801 praeclare
628 747 669 783 te
683 738 729 783 111
752 737 900 785 Africa
926 738 1158 802 profecisse
1181 740 1362 795 testaris,
1389 757 1490 785 cum
1509 739 1634 786 aliam
1655 740 1714 785 ob

327 826 503 855 causam
544 820 583 855 te
620 809 740 855 oneri
769 826 857 856 non
883 826 970 856 esse
1006 810 1153 857 asseris
1185 810 1560 870 negotiosissimis,
1604 821 1646 856 et
1667 810 1715 856 in

328 880 412 928 alia
436 881 563 942 longe
598 881 802 928 distantia
828 882 1005 929 intentis
1041 882 1277 947 episcopis,
1312 892 1361 929 ut
1380 881 1463 928 tibi
1497 891 1715 946 exponant

326 952 601 1008 Ciceronem,
630 952 713 999 nisi
738 953 843 1016 quia
863 954 986 1000 times
1005 954 1205 1001 homines
1219 953 1436 1018 proclives
1456 952 1511 999 ad
1537 953 1716 1016 vitupe-

325 1021 545 1080 randum,
596 1040 650 1070 ne
687 1023 975 1085 interrogatus
1015 1025 1070 1071 ab
1104 1025 1187 1082 eis,
1219 1024 1369 1072 sinon
1408 1022 1712 1087 responderis,

323 1092 530 1140 indoctus
561 1104 603 1140 et
628 1093 762 1140 hebes
780 1095 961 1158 puteris,
991 1096 1031 1142 O
1056 1112 1147 1142 rem
1171 1095 1350 1156 dignam
1381 1093 1541 1156 vigiliis
1573 1104 1617 1140 et
1639 1093 1713 1140 lu-

326 1165 668 1212 cubrationibus
688 1166 1025 1230 episcoporum!

388 1235 462 1283 IV.
492 1236 590 1282 Non
610 1236 722 1282 mihi
748 1236 907 1284 videris
932 1236 1107 1283 aliunde
1129 1236 1218 1283 dies
1253 1246 1487 1300 noctesque
1504 1234 1713 1295 cogitare,

321 1305 405 1352 nisi
418 1305 520 1351 utin
533 1305 688 1352 studiis
706 1306 791 1352 tuis
807 1317 936 1370 atque
946 1308 1147 1354 doctrina
1159 1306 1350 1353 lauderis
1365 1306 1421 1352 ab
1436 1305 1708 1352 hominibus.

326 1376 461 1434 Quod
474 1377 552 1422 etsi
576 1394 747 1440 semper
767 1377 823 1423 ad
848 1388 965 1424 certa
994 1389 1035 1423 et
1054 1388 1170 1424 recta
1186 1377 1468 1424 tendentibus
1491 1375 1715 1440 periculo-

325 1463 424 1494 sum
466 1465 553 1494 esse
578 1448 795 1507 judicavi,
826 1465 945 1496 nunc
970 1460 1115 1496 tamen
1140 1449 1185 1495 111
1221 1461 1262 1495 te
1294 1448 1478 1494 maxime
1501 1446 1711 1510 experior.

325 1517 428 1565 Non
438 1518 552 1564 enirn
569 1518 744 1565 aliunde
763 1536 896 1583 quam
906 1537 953 1566 ex
967 1519 1115 1567 eadem
1128 1520 1320 1583 pernicie
1332 1536 1422 1564 11011
1443 1517 1607 1574 vidisti,
1625 1533 1715 1581 qua

330 1588 504 1636 tandem
537 1606 582 1635 re
605 1607 830 1653 possemus
854 1590 1044 1648 moveri,
1069 1601 1118 1637 ut
1142 1590 1223 1636 tibi
1243 1589 1363 1654 quod
1391 1587 1569 1653 petebas
1586 1586 1717 1633 dare-

326 1676 437 1706 111115.
485 1659 631 1716 Quam
655 1660 772 1706 enim
796 1678 994 1725 perverse
1026 1672 1076 1708 tu
1109 1661 1203 1725 ipse
1227 1678 1318 1706 non
1350 1660 1410 1706 ob
1432 1656 1552 1705 aliud
1577 1656 1631 1703 ad
1665 1674 1714 1704 ea

329 1728 553 1786 discenda,
587 1747 690 1794 quae
724 1731 981 1792 interrogas,
1020 1732 1204 1795 raperis,
1235 1730 1316 1776 nisi
1339 1740 1387 1776 ut
1407 1727 1613 1784 lauderiS,
1644 1738 1718 1774 aut

328 1817 418 1847 non
448 1801 705 1865 vitupereris
735 1803 790 1848 ab
815 1803 1071 1849 hominibus
1091 1820 1102 1849 ι
1125 1813 1210 1848 tam
1249 1818 1446 1866 perverse
1474 1799 1604 1846 etiam
1641 1815 1718 1844 nos

328 1881 457 1935 putas
479 1872 525 1918 in
544 1882 619 1919 tua
643 1873 854 1937 petitione
886 1874 1046 1920 talibus
1069 1874 1208 1921 causis
1230 1873 1420 1934 allegatis
1453 1869 1631 1917 moveri.
1665 1871 1717 1915 Et

327 1942 496 1990 utinam
518 1960 738 2007 possemus
765 1944 945 2000 efficere,
976 1956 1021 1991 ut
1044 1956 1089 1991 tu
1113 1961 1290 2008 quoque
1328 1956 1416 1989 tam
1446 1941 1563 1988 inani
1588 1950 1719 2005 atque

323 2012 471 2059 fallaci
495 2014 706 2061 humanae
727 2015 871 2061 laudis
886 2016 1004 2062 bono
1024 2015 1201 2061 minime
1224 2012 1473 2069 movereriS‚
1504 2028 1608 2058 cum
1636 2010 1719 2058 tibi

324 2099 403 2129 nos
440 2082 752 2141 indicaremus,
780 2103 869 2131 non
911 2085 966 2132 ad
998 2084 1300 2149 praestandum
1322 2083 1404 2130 tibi
1434 2081 1556 2147 quod
1579 2080 1714 2145 petis,

326 2153 535 2217 quoniam
555 2154 654 2202 haec
671 2154 726 2201 de
746 2165 785 2201 te
795 2155 948 2202 scribis
961 2193 971 2213 ,
989 2155 1062 2202 secl
1082 2156 1135 2202 ad
1152 2166 1192 2202 te
1210 2154 1516 2216 corrigendum
1533 2151 1712 2199 moveri.

327 2224 509 2271 «Mores
544 2224 778 2272 hominum
793 2263 803 2282 ,
831 2226 996 2291 inquis,
1025 2225 1240 2290 proclives
1264 2235 1366 2273 sunt
1385 2224 1442 2271 ad
1465 2224 1717 2286 vituperan-

329 2316 351 2337 »
369 2294 494 2343 dum.
525 2296 646 2353 Quid
669 2297 861 2344 deinde?
901 2298 946 2344 Si
979 2298 1270 2358 interrogatus
1295 2297 1393 2361 quis
1423 2312 1514 2342 non
1532 2310 1721 2357 respon--

328 2386 348 2408 2>
367 2365 497 2423 derit,
519 2365 682 2431 inquiS,
699 2367 906 2415 indoctus
920 2379 961 2414 et
976 2368 1110 2415 hebes
1130 2368 1378 2432 putabitur.
1403 2389 1422 2410 ›>
1444 2367 1558 2412 Ecce
1577 2380 1655 2424 ego
1679 2374 1720 2410 te

322 2437 542 2498 interrogo
561 2455 651 2485 non
674 2438 728 2485 de
753 2440 980 2486 Ciceronis
1008 2437 1132 2485 libris
1157 2438 1325 2503 aliquid
1342 2476 1354 2495 ,
1392 2441 1520 2497 cujus
1546 2451 1718 2482 sensum

321 2505 500 2554 fortasse
535 2508 722 2570 legentes
760 2510 968 2572 indagare
992 2527 1080 2556 non
1105 2520 1312 2574 possunt:
1348 2508 1423 2556 sed
1443 2508 1497 2554 de
1529 2504 1714 2570 epistola

324 2576 419 2642 ipsa
434 2588 525 2635 tua,
548 2590 591 2626 et
609 2580 663 2627 de
685 2582 896 2628 sententia
924 2581 1161 2628 verborum
1188 2591 1378 2628 tuorum.
1411 2579 1577 2636 Quaero
1601 2575 1717 2622 enim

322 2665 402 2696 cur
425 2666 515 2697 non
538 2649 692 2699 dixeris
718 2653 793 2715 qui
830 2670 919 2700 nou
946 2651 1234 2717 responderit,
1266 2651 1469 2699 indoctus
1500 2658 1541 2695 et
1579 2645 1715 2693 hebes
