1902 3268
622 260 835 292 EptsTOLA
872 263 998 293 txxv.
1451 260 1508 319 ⁴3?

139 344 230 372 ram
240 346 250 383 ;
261 335 411 372 etcum
422 324 682 381 hocfeceffis,
695 327 785 372 imo
795 343 883 372 non
894 326 1020 373 feceri
1026 346 1057 387 s,
1069 330 1176 393 (scio
1188 333 1299 379 enim
1313 346 1353 380 te
1364 337 1513 384 Chris-

137 396 322 452 tianum,
337 406 379 442 et
398 413 488 442 rem
506 396 755 457 sacrilegam
776 414 864 443 non
887 415 974 444 esse
996 398 1237 465 facturum)
1265 404 1367 450 velis
1387 408 1515 463 nolis,

136 477 255 512 tuam
272 467 522 513 sententiam
541 468 825 531 reprobabis;
850 480 893 515 et
918 480 1022 515 tunc
1041 472 1145 518 scies
1159 490 1287 537 opere
1301 475 1520 525 difficilius

134 554 220 583 esse
233 537 490 584 confirmare
506 554 746 603 sua,quam
771 539 1251 604 alienajreprehendere.
1277 547 1338 592 An
1361 548 1516 595 nefor-

134 608 244 656 sitan
273 608 356 655 tibi
380 626 466 655 non
498 608 793 664 crederemus3
828 611 916 656 imo
935 628 1024 656 non
1058 613 1391 674 intelligeremus
1410 619 1518 683 quid

123 679 320 735 diceres,
350 682 642 744 (Frequenter
661 681 773 727 enim
810 681 856 726 in
878 681 1057 741 longum
1088 700 1226 730 sermo
1251 699 1518 749 protractus,

134 762 250 798 caret
276 751 584 812 intelligentia3
618 762 658 797 et
698 751 802 797 dum
841 769 928 797 non
969 753 1178 810 sentitur,
1210 756 1266 801 ab
1306 759 1519 823 imperitis

132 823 277 868 minus
316 821 682 886 reprehenditur)
707 821 917 877 inculcas,
939 832 981 867 et
1006 823 1191 886 replicas
1216 843 1226 871 ε
1265 828 1387 889 [Hoc
1419 848 1518 891 crgo

133 893 391 940 Judaeorum
426 892 590 938 Paulus
621 892 866 949 dimiserat,
899 893 1018 957 quod
1059 896 1222 943 malum
1266 899 1507 950 habehant.

134 963 264 1020 Quod
280 973 342 1009 est
357 962 520 1008 malum
540 962 797 1009 Judaeorum
818 963 980 1009 Paulus
1001 964 1120 1028 quod
1141 965 1394 1015 dimiserat?
1420 972 1517 1017 liti-

132 1051 216 1099 que
235 1033 344 1080 illud
364 1034 485 1098 quod
512 1035 733 1098 sequitur;
756 1035 927 1092 «Quod
953 1036 1218 1096 ignorantes,
1245 1039 1407 1103 inquit,
1439 1045 1514 1089 Dei

134 1128 154 1148 »
172 1105 414 1166 justitiam,
441 1116 483 1151 et
522 1122 645 1151 suam
678 1105 871 1152 volentes
906 1107 1193 1166 constituere,
1221 1112 1403 1170 justitiae
1442 1114 1520 1159 Dei

132 1198 154 1220 »
177 1194 268 1224 non
288 1186 389 1222 sunt
408 1176 595 1236 subjecti
614 1174 649 1222 st.
684 1197 704 1217 >³
744 1176 911 1222 Deinde
940 1177 1062 1241 quod
1092 1191 1192 1242 post
1215 1183 1457 1244 passionem
1475 1197 1517 1230 et

133 1247 490 1295 resurrectionem
511 1245 695 1301 Christi,
726 1246 829 1292 dato
857 1264 907 1292 ac
938 1248 1213 1296 manifestato
1246 1265 1514 1299 sacramento

131 1323 298 1383 gratiae,
342 1317 584 1366 secundum
610 1317 805 1363 ordinem
835 1317 1184 1375 Melchisedech,
1211 1322 1359 1369 adhuc
1382 1336 1518 1388 puta-

129 1395 237 1441 bant
265 1403 408 1440 vetera
430 1398 695 1436 sacramenta
727 1405 814 1433 non
835 1406 882 1434 ex
922 1391 1238 1438 consuetudine
1258 1394 1512 1442 solemnita-

132 1467 199 1526 tis,
220 1464 294 1512 sed
313 1479 362 1510 ex
381 1460 629 1508 necessitate
652 1458 801 1505 salutis
815 1476 900 1505 esse
918 1459 1195 1509 celebranda.
1228 1463 1341 1520 Quae
1367 1477 1510 1514 tamen

130 1538 164 1585 si
185 1551 411 1600 nunquam
434 1531 614 1579 fuissent
631 1531 866 1576 necessaria
886 1530 1154 1579 infructuose
1171 1544 1303 1598 atque
1323 1536 1509 1584 inaniter

130 1625 212 1673 pro
260 1607 318 1652 eis
360 1600 609 1649 Machabaei
653 1611 865 1664 martyres
899 1602 1063 1648 fierent.
1106 1604 1339 1652 »Postremo
1378 1607 1486 1655 illud
1503 1647 1513 1665 ‚

131 1678 249 1744 quod
273 1675 585 1741 praedicatores
608 1672 757 1732 gratiae
777 1672 1048 1719 Christianos
1076 1675 1114 1719 -J
1121 1675 1259 1733 udaei,
1303 1688 1510 1743 tanquam

129 1750 276 1796 hostes
293 1746 434 1806 Legis,
452 1752 814 1808 persequerentur
833 1742 866 1790 2.
906 1744 996 1789 Hos
1015 1754 1145 1808 atque
1163 1745 1420 1807 hujusmodi
1440 1768 1511 1797 er—

129 1837 246 1867 rores
261 1829 303 1865 et
326 1817 450 1872 vitia,
470 1814 580 1860 dicit
602 1830 644 1859 se
664 1811 824 1858 damna
867 1823 909 1858 et
931 1824 980 1859 ut
1013 1825 1201 1861 stercora
1224 1818 1503 1877 arbitratum,

131 1900 181 1937 ut
200 1887 427 1935 Christum
446 1882 735 1930 lucrifaceret.
753 1883 767 1943 ]
787 1904 807 1923 »
1473 1898 1476 1901 ·

193 1960 312 2007 XVI.
344 1979 365 2000 ›>
392 1954 637 2002 Didicimus
661 1970 740 2017 per
764 1963 820 2010 te,
846 1970 945 2017 quae
973 1957 1195 2018 apostolus
1215 1959 1378 2006 Paulus
1397 1962 1507 2008 mala

130 2029 352 2097 reliquerit
368 2029 392 2073 J
399 2027 656 2074 udaeorum:
680 2042 855 2071 rursum
883 2036 925 2071 te
943 2025 1127 2074 docente
1147 2028 1382 2089 discamus,
1409 2051 1509 2097 quat

127 2103 248 2149 bona
287 2116 437 2147 eorum
470 2096 671 2144 tenuerit.
710 2097 1076 2158 [Observationes
1097 2137 1108 2156 ,
1141 2100 1336 2164 inquies,
1362 2105 1508 2165 Legis,

129 2190 237 2238 quas
257 2188 376 2218 more
388 2169 532 2234 patrio
552 2167 791 2224 celebrant,
812 2168 924 2214 sicut
943 2169 1106 2232 abipso
1124 2171 1262 2217 Paulo
1282 2174 1511 2221 celebrata}

129 2254 248 2301 sunt,
268 2243 357 2289 siue
380 2240 469 2286 ulla
491 2239 639 2285 salutis
662 2239 954 2301 necessitate]
986 2240 1060 2296 ld,
1084 2241 1191 2304 quid
1223 2244 1325 2290 velis
1345 2245 1505 2298 dicero,

129 2319 229 2362 Sine
252 2313 341 2360 ulla
363 2310 512 2358 salutis
536 2309 803 2366 necessitate,
827 2328 917 2356 non
942 2312 1043 2357 satis
1075 2312 1284 2374 intelligo.
1318 2317 1364 2362 Si
1393 2318 1506 2363 enini

128 2386 309 2434 salutem
327 2400 416 2429 non
438 2382 639 2438 afferunt,
668 2398 760 2427 cur·
783 2382 1098 2428 observantur?
1121 2384 1165 2429 Si
1195 2397 1334 2432 autem
1357 2389 1510 2434 obser—

128 2455 273 2506 vanda
307 2463 426 2510 sunt,
466 2451 618 2515 utique
640 2451 821 2497 salutem
852 2454 1064 2506 afferunt;
1091 2456 1273 2501 maxime
1302 2476 1402 2521 quaa
1427 2461 1512 2505 ol>-

128 2537 296 2575 servata
317 2534 529 2588 martyres
545 2521 728 2570 faciunt.
751 2522 902 2586 Neque
920 2524 1034 2570 enim
1060 2526 1413 2580 observarentur.
1436 2533 1517 2577 ni=i

175 2612 186 2635 Ι
205 2614 299 2644 Rom.
313 2619 345 2647 x,
368 2610 401 2643 3,
431 2604 505 2632 —2
522 2605 639 2649 Philip.
657 2617 705 2644 111,
727 2607 757 2639 8.

1341 2682 1382 2711 ς),
