1902 3268
674 263 885 294 EPISTOLA
921 264 1048 296 cv111.
1475 253 1569 301 325

183 332 274 389 jam
294 327 406 375 ferre
430 345 571 392 posse,
602 339 676 374 aut
695 347 715 374 a
734 328 952 374 frumento
975 330 1173 375 universa
1191 330 1351 378 zizania
1371 333 1567 380 humano

180 398 352 459 Judicio
372 415 584 462 separare.
613 399 810 461 Superba
828 409 889 444 cst
913 400 991 444 ista
1018 401 1304 463 praesumptio
1325 439 1333 450 .
1365 413 1407 447 et
1427 406 1564 450 sacri-

185 467 278 527 lega
303 468 557 522 obstinatio,
580 485 711 532 quam
737 469 817 513 sibi
838 468 960 514 furor
982 486 1142 531 pravus
1167 471 1367 516 assumit.
1397 483 1436 516 et
1457 473 1560 518 dum

185 537 270 583 sibi
300 555 470 602 semper
495 540 682 602 amplius
708 539 904 603 aliquid.
929 557 1057 603 quam
1088 540 1380 601 mitisjustitia
1409 542 1563 603 depos-

184 608 262 664 cit,
287 621 512 655 assumunt
536 646 545 664 ‚
577 610 631 655 de
653 610 841 655 Ecclesia
870 621 1080 672 p‹=1·eunt;
1113 622 1153 654 et
1178 610 1284 656 dum
1307 631 1348 656 se
1375 611 1564 657 insolen-

186 690 248 725 ter
277 680 519 735 extollunt,
556 681 652 743 ipso
681 697 758 726 suo
792 692 960 726 tumore
997 680 1147 726 caecati
1167 718 1176 733 ‚
1207 683 1396 727 veritatis
1418 682 1561 728 lumen

183 760 402 798 amittunt.
430 773 450 793 >2

245 821 349 868 XII.
398 822 517 879 Quid
556 822 639 867 hac
665 822 880 884 Cypriani
918 822 1192 866 attestatione
1222 821 1418 868 clarius?
1453 823 1559 886 quid

180 891 407 938 veracius?
446 892 573 938 Vides
612 903 776 954 quanta
819 891 1076 950 Evangeiica
1113 903 1154 936 et
1196 893 1432 954 apostolica
1466 894 1561 939 luce

176 961 462 1024 praefulgeat,
498 962 598 1008 vide
628 979 699 1007 eos
720 999 729 1010 .
760 962 835 1025 qui
869 962 988 1007 velut
1015 963 1164 1007 offensi
1189 980 1271 1025 pro
1296 980 1370 1008 sua
1389 965 1558 1024 justitia

176 1031 484 1094 iniquitatibus
504 1031 650 1077 alienis
668 1070 678 1086 ,
707 1032 914 1078 Ecclesiae
949 1032 1152 1077 deserunt
1174 1034 1382 1078 unitatem
1407 1071 1417 1088 ‚
1444 1035 1560 1097 ipsos

173 1117 259 1146 esse
278 1102 425 1164 potius
450 1103 756 1166 iniquissimos.
790 1102 915 1147 Vides
958 1102 1059 1147 foris
1085 1120 1172 1147 6556
1196 1104 1355 1148 zizania
1375 1121 1461 1159 605,
1481 1105 1556 1167 qui

175 1171 411 1218 noluerunt
429 1173 471 1218 in
499 1174 665 1219 unitate
690 1174 780 1234 agri
807 1174 983 1218 Domini
1011 1174 1172 1218 zizania
1199 1174 1391 1220 tolerare.
1429 1175 1557 1221 Vides

173 1241 277 1288 foris
299 1261 385 1289 esse
417 1243 586 1307 paleam
625 1261 696 1290 605
718 1281 728 1295 ,
768 1245 844 1307 qui
880 1243 1116 1289 noluerunt
1141 1245 1183 1289 in
1216 1245 1380 1290 unitate
1399 1245 1557 1291 domus

176 1329 344 1373 magnae
374 1314 473 1359 talia
493 1314 689 1362 tolerare.
720 1314 850 1359 Vides
867 1331 996 1377 quam
1014 1315 1224 1360 veraciter
1241 1316 1452 1378 scriptum
1470 1326 1550 1371 est,

173 1404 193 1423 «
214 1384 347 1430 Filius
372 1385 511 1430 malus
538 1385 630 1448 ipse
648 1402 689 1430 se
709 1388 875 1445 justum
907 1384 1040 1439 dicit,
1067 1386 1226 1431 exitum
1260 1397 1399 1431 autem
1427 1402 1552 1432 suum

173 1474 192 1494 >2
212 1471 299 1499 non
321 1453 492 1500 abluit1
525 1472 536 1499 ε
568 1475 589 1496 »
616 1455 774 1500 exitum
798 1454 990 1509 scilicet,
1028 1471 1117 1516 quo
1142 1455 1225 1500 exit
1249 1455 1302 1500 de
1324 1455 1515 1502 Ecclesia
1538 1493 1549 1506 .

170 1539 258 1568 non
287 1534 474 1587 purgat,
497 1542 585 1570 non
607 1534 805 1580 excusat,
843 1541 933 1569 non
962 1523 1183 1580 defendit,
1206 1542 1293 1570 non
1323 1542 1486 1588 purum
1511 1536 1554 1571 et

169 1592 259 1638 sine
281 1594 463 1640 crimine
481 1593 668 1640 ostendit
691 1612 702 1639 z
726 1595 815 1640 hoc
833 1604 894 1639 est
907 1595 1041 1645 enim,
1068 1616 1089 1635 «
1106 1594 1204 1639 Non
1220 1594 1361 1640 abluit
1380 1613 1390 1640 ε
1410 1615 1430 1637 ›>
1446 1596 1550 1660 quia

168 1663 202 1707 si
222 1679 308 1708 non
328 1680 370 1708 se
386 1663 530 1727 ipsum
551 1668 719 1724 justum
742 1664 930 1720 diceret,
958 1665 1031 1710 sed
1058 1682 1155 1710 vere
1179 1682 1228 1710 ac
1254 1665 1550 1725 legitimeJus-

169 1741 236 1777 tus
256 1743 386 1790 esset3
412 1750 499 1779 non
519 1734 659 1780 honos
681 1744 865 1797 propter
882 1733 1017 1779 malos
1040 1733 1294 1797 impiissime
1318 1735 1547 1790 desereret,

165 1802 239 1848 sed
261 1802 395 1849 malos
412 1815 597 1867 propter
624 1804 765 1850 bonos
789 1803 1097 1867 patientissime
1121 1804 1347 1850 sustineret
1369 1842 1379 1859 ‚
1407 1804 1546 1850 donec

165 1872 256 1936 ipse
280 1874 509 1930 Dominus,
533 1876 620 1920 sive
639 1892 790 1938 perse,
814 1875 902 1920 sive
919 1892 997 1938 per
1021 1875 1203 1934 Angelos
1220 1891 1337 1930 suos,
1360 1893 1381 1921 a
1403 1875 1546 1920 tritico

163 1944 344 2000 zizania,
369 1962 392 1990 a
408 1944 638 1990 frumentis
657 1946 819 2009 paleas,
839 1963 862 1991 a
878 1947 989 1991 vasis
1011 1944 1319 1991 misericordiae
1332 1963 1429 2000 vasa
1447 1946 1542 1994 irae.

163 2025 205 2060 et
228 2014 387 2061 hoedos
413 2015 468 2061 ab
493 2015 648 2062 ovibus
668 2052 678 2070 ‚
707 2017 846 2080 pisces
867 2016 1002 2061 malos
1025 2034 1045 2062 a
1073 2015 1200 2061 bonis
1222 2015 1268 2060 in
1288 2016 1374 2060 fine
1393 2015 1544 2061 saeculi

162 2096 393 2148 separaret.

226 2157 352 2202 XIII.
382 2156 466 2201 Sed
488 2157 523 2201 si
546 2157 790 2202 testimonia
821 2156 895 2203 illa
922 2156 1252 2220 Scripturarum
1271 2192 1282 2211 ‚
1321 2172 1421 2218 quae
1448 2173 1545 2201 ma-

154 2229 270 2286 jores
285 2226 413 2272 vestri
430 2226 484 2272 ad
509 2226 794 2272 dividendum
818 2226 1035 2290 populum
1056 2226 1148 2281 Dei,
1165 2225 1232 2270 vel
1248 2225 1545 2284 intelligenda,

159 2297 225 2343 vel
249 2296 507 2360 proferenda
536 2297 816 2344 crediderunt
835 2336 845 2354 ‚
875 2298 997 2343 aliter
1019 2314 1150 2360 quam
1178 2295 1430 2340 divinorum
1452 2294 1540 2340 elo-

157 2368 361 2432 quiorum
381 2384 526 2413 sensus
556 2367 750 2431 postulat
769 2405 780 2424 ‚
809 2368 1007 2431 accipere
1031 2365 1281 2422 conamini,
1308 2368 1397 2425 jam
1429 2364 1546 2411 desi-

158 2440 272 2485 nite:
299 2438 509 2485 attendite
523 2439 635 2486 illud
654 2439 880 2504 speculum
906 2438 1027 2503 quod
1048 2437 1101 2484 ad
1129 2455 1203 2484 vos
1222 2436 1541 2491 admonendos,

158 2515 278 2558 Deus
295 2510 688 2557 misericordissima
711 2549 720 2567 ,
742 2512 774 2557 si
804 2511 953 2575 sapitis
976 2548 985 2567 ,
1018 2509 1265 2574 provisione
1294 2507 1535 2556 constituit.

206 2595 212 2615 ¹
240 2596 335 2627 Prov.
355 2595 541 2636 xxis,j11xta
558 2605 633 2626 mx.
