1902 3268
656 328 868 360 eristen
909 328 1043 357 mxu.
1488 311 1539 369 41

176 397 424 445 Galaadites
448 395 485 450 ¹,
521 396 628 456 regis
654 394 793 440 David
830 393 1057 446 beneficia,
1099 408 1333 455 omnesque
1374 392 1550 438 delicias

167 468 316 527 juveni
341 468 540 528 delegans
558 466 667 520 filio,
697 464 883 511 ostendit
908 473 1165 510 senectutem
1208 462 1304 508 haec
1351 473 1551 525 appetere

172 556 260 584 non
283 538 456 593 debere,
477 555 554 583 nec
571 537 716 582 oblata
753 537 984 600 suscipere.
1020 556 1040 577 ›>

238 608 312 655 lV.
343 607 512 665 «Quod
538 619 678 653 autem
699 612 822 667 juras
854 617 893 652 te
917 606 1145 652 adversum
1172 622 1239 650 me
1267 604 1431 650 librum
1467 621 1551 649 non

173 680 406 743 scripsisse,
430 696 567 743 neque
602 680 789 724 Romam
820 678 996 732 misisse,
1029 692 1157 739 quem
1193 692 1281 720 non
1305 675 1550 738 scripseri33

173 750 244 795 sed
272 750 304 795 si
325 750 434 795 forte
459 750 602 813 aliqua
621 749 664 794 in
687 750 770 794 tuis
793 748 966 811 scriptis
982 747 1271 810 reperiantur,
1296 762 1396 809 quae
1417 763 1437 789 a
1458 761 1553 790 meo

172 837 295 865 sensu
315 819 578 883 discrepent,
615 836 703 864 non
732 836 800 864 me
819 836 841 863 a
866 829 906 863 te
931 818 1100 871 laesum,
1129 815 1201 862 sed
1232 834 1253 861 a
1281 827 1320 861 te
1342 816 1553 878 scriptum

163 890 292 952 *quod
324 890 404 935 tibi
427 901 593 935 rectum
614 889 1144 944 videbatu1.()uaeso,ut
1167 904 1235 933 me
1251 897 1468 950 patienter
1480 902 1555 931 au-

173 960 278 1006 dias
301 960 396 1005 Non
410 970 620 1023 sciipfflstl
634 959 825 1013 librum
843 970 884 1005 et
895 957 1240 1023 quomodomihi
1257 957 1554 1020 reprehensio-

174 1030 239 1075 nis
258 1041 324 1075 ate
338 1047 445 1075 meae
452 1047 579 1094 ,per
570 1030 673 1076 alios
685 1031 846 1109 sclipta
862 1029 1002 1076 delata
1015 1040 1114 1075 sunt
1126 1034 1247 1075 =³Cur
1259 1029 1395 1073 habet
1410 1029 1447 1072 lt
1453 1027 1550 1082 alia,

172 1100 291 1164 quod
312 1111 358 1146 tu
379 1117 467 1146 non
489 1101 721 1165 scripsisti
711 1106 729 1137 ³
755 1104 854 1158 Qua
875 1101 1041 1146 ratione
1067 1100 1226 1164 poscis,
1251 1110 1299 1145 ut
1320 1099 1553 1144 tescribam

174 1170 229 1216 ad
251 1188 314 1225 ea,
335 1188 435 1234 quae
455 1172 674 1234 scripsisse
693 1183 731 1217 te
747 1171 958 1230 denegas.³
982 1172 1071 1216 Nec
1093 1181 1181 1215 tam
1196 1170 1328 1215 hebes
1341 1186 1452 1223 sum,
1485 1178 1549 1224 ut,

174 1241 207 1286 si
230 1241 398 1286 diversa
425 1243 603 1287 senseris
621 1280 630 1296 ,
657 1261 721 1288 me
741 1261 763 1287 a
787 1253 826 1286 te
846 1242 994 1288 laesum
1022 1253 1185 1304 putem.
1213 1240 1297 1286 Sed
1321 1240 1354 1285 si
1372 1256 1462 1285 mea
1479 1256 1557 1284 co-

177 1312 320 1356 minus
339 1311 454 1357 dicta
474 1313 782 1375 reprehendas,
804 1323 844 1357 ct
864 1313 1072 1357 rationem
1088 1311 1350 1373 scriptorum
1372 1318 1557 1371 expetas,

175 1400 196 1427 a
211 1391 250 1427 te
265 1399 366 1445 quae
385 1382 649 1445 scripserim,
662 1382 890 1429 emendare
903 1381 1155 1445 compellas,
1177 1392 1219 1426 et
1243 1380 1299 1426 act
1311 1378 1555 1437 παλινῳδίαν

179 1469 405 1516 provoceS,
426 1463 469 1498 et
484 1453 633 1499 oculos
649 1454 758 1499 mihi
775 1453 948 1508 reddas,
975 1453 1019 1498 in
1041 1453 1128 1497 hoc
1155 1451 1333 1496 laeditur
1349 1449 1555 1505 amicitia,

174 1524 216 1569 in
243 1523 330 1569 hoc
348 1524 785 1585 necessitudinisjura
805 1524 1040 1571 violantur.
1068 1524 1131 1568 Ne
1147 1522 1373 1568 videamur
1393 1531 1557 1567 certare

177 1594 415 1657 pueriliter,
440 1605 481 1640 et
494 1594 744 1641 fautoribus
766 1595 954 1641 invicem
976 1595 1041 1640 vel
1066 1593 1386 1639 detractoribus
1403 1591 1559 1638 nostris

181 1666 378 1712 tribuere
393 1667 615 1712 materiam
632 1666 924 1713 contendendi
944 1686 954 1720 3
980 1666 1080 1712 hffc
1093 1666 1256 1722 scribo,
1271 1664 1371 1727 quia
1390 1673 1430 1708 te
1454 1679 1565 1726 pure

177 1747 220 1781 et
250 1735 485 1781 christiane
505 1736 683 1796 diligere
704 1738 850 1800 cupio,
880 1752 959 1782 nec
976 1735 1216 1800 quidquam
1243 1735 1286 1780 in
1306 1750 1397 1780 mea
1420 1742 1560 1778 mente

184 1806 381 1862 retinere,
402 1806 521 1869 quod
543 1807 671 1852 distet
700 1825 723 1852 a
746 1807 887 1854 labiis.
918 1808 1013 1851 Non
1039 1807 1152 1851 enim
1175 1805 1396 1858 convenit,
1431 1814 1476 1849 ut
1502 1803 1558 1849 ab

179 1877 465 1923 adolescentia
491 1877 698 1941 usquead
730 1878 846 1923 hanc
876 1888 1045 1923 aetatem
1064 1877 1109 1922 in
1134 1874 1438 1921 monasteriolo
1458 1889 1556 1919 cum

178 1948 334 1994 sanctis
354 1946 561 1993 fratribus
580 1947 730 1994 labore
753 1948 987 2004 desudans,
1012 1946 1180 2010 aliquid
1203 1956 1353 1991 contra
1379 1944 1554 2008 episco-

180 2035 288 2083 pum
313 2035 440 2082 quem
463 2029 561 2064 ante
583 2019 701 2082 coepi
727 2036 871 2064 amare
894 2035 1027 2081 quam
1052 2034 1198 2070 nosse3
1238 2016 1315 2079 qui
1349 2032 1417 2060 me
1439 2014 1562 2078 prior

181 2088 234 2135 ad
266 2088 500 2134 amicitiam
539 2089 820 2152 provocavit3
862 2106 990 2153 quem
1027 2098 1122 2151 post
1165 2105 1233 2132 me
1267 2087 1473 2132 orientem
1515 2086 1561 2130 in

182 2159 512 2223 Scripturarum
541 2159 786 2205 eruditione
808 2159 978 2205 laetatus
1008 2175 1116 2204 sum.
1150 2157 1289 2217 Igitur
1328 2168 1402 2202 aut.
1436 2166 1560 2202 tuum

181 2229 529 2290 negatolibrum,
554 2231 587 2275 si
600 2229 708 2276 forte
729 2248 814 2276 non
836 2241 934 2276 tuus
949 2240 1026 2285 est,
1041 2240 1081 2275 et
1100 2228 1246 2274 desine
1262 2227 1457 2287 flagitare
1478 2244 1560 2272 res-

182 2301 374 2363 criptum
393 2299 448 2344 ad
472 2317 538 2356 ea,
565 2317 665 2364 quae
689 2318 775 2346 non
796 2300 1003 2364 scripsisti
1029 2318 1039 2344 ι
1069 2310 1144 2345 aut
1170 2300 1204 2343 si
1222 2308 1323 2343 tuus
1340 2308 1419 2353 est,
1437 2297 1560 2357 inge-

181 2386 266 2415 nue
282 2371 486 2416 confitere
501 2391 513 2424 ;
531 2381 577 2417 ut
599 2372 631 2417 si
650 2372 694 2418 in
715 2371 1007 2417 defensionem
1034 2370 1116 2415 mei
1150 2369 1295 2431 aliqua
1331 2369 1558 2431 scripsero,

182 2441 227 2486 in
251 2451 291 2486 te
314 2441 444 2505 culpa
459 2441 529 2498 sit,
552 2443 628 2505 qui
643 2443 908 2505 provocasti,
933 2442 1081 2487 nonin
1101 2457 1185 2496 me,
1213 2437 1562 2503 quirespondere

183 2509 434 2574 compulsus
458 2528 565 2557 sum.
599 2534 619 2554 η

252 2581 301 2626 V.
324 2602 344 2621 κ
366 2581 500 2628 Addis
520 2595 744 2647 praeterea,
767 2595 804 2629 te
830 2594 1029 2648 paratum
1050 2599 1159 2639 esse3
1190 2591 1235 2627 ut
1253 2581 1285 2626 si
1304 2580 1409 2645 qnid
1430 2597 1495 2624 me
1520 2580 1560 2625 in

235 2662 244 2683 ¹
265 2676 281 2695 2
303 2668 379 2707 tzeg.
400 2676 464 2705 tux,
485 2668 539 2703 34.
