1902 3268
632 323 842 355 El’lsToLA
877 321 996 355 xciv.
1431 325 1455 356 2
1473 326 1481 356 ι
1497 321 1522 373 7

147 413 168 438 >a
194 390 388 456 reliquiae
427 389 596 438 homini
630 389 869 453 pacifieo'¹‚
909 400 950 436 et
987 388 1200 436 mansueti
1239 388 1526 453 possidebunt

147 486 168 508 »
193 464 396 517 tttt'rat]t²‚
425 462 643 525 placentes
675 461 762 506 Deo
801 461 842 506 in
878 461 1049 521 regione
1086 460 1328 507 vivorum3.
1355 482 1374 501 »
1412 461 1524 506 Nam

143 546 259 581 certe
275 545 316 580 et
338 533 448 579 illud
477 532 701 596 Apostoli,
730 549 815 577 non
838 533 977 578 solum
1008 532 1138 577 tacito
1169 531 1321 577 inentis
1341 532 1492 576 affectu
1510 568 1521 586 ,

145 605 217 651 sed
235 615 277 650 et
300 604 547 666 conspicuis
574 602 793 661 religiosus
814 602 1014 665 implevit
1037 602 1188 647 officiis
1206 640 1216 655 ‚
1237 613 1396 647 utcuin
1417 612 1526 647 esset

154 675 336 722 alterum
361 675 492 734 hujus
505 673 649 719 saeculi
669 673 712 718 in
737 672 888 718 ordine
901 683 941 717 et
958 673 1123 718 honore
1139 673 1325 732 coHega,
1352 689 1439 717 non
1464 682 1526 717 ta-

151 763 253 791 men
279 756 325 790 ut
348 744 557 804 gloriosus
585 754 733 790 terrae.
756 743 839 788 alta
865 753 1057 805 saperet,
1079 742 1150 787 scd
1177 753 1222 787 ut
1239 742 1402 787 Christi
1423 759 1527 805 per-

142 815 278 862 fectus
299 817 491 862 imitator
526 814 772 860 humilibus
796 814 1085 869 consentiret,
1116 824 1156 859 et
1184 824 1274 859 tota
1302 813 1430 858 ctiam
1456 813 1527 859 die

143 887 331 934 misereri
357 898 399 932 et
422 884 700 932 commodare
728 884 1017 947 persisteret&
1050 883 1176 929 Unde
1195 894 1236 929 et
1262 900 1403 928 semen
1436 887 1527 943 ejus

141 967 297 1021 potens
318 958 362 1003 in
383 967 495 1003 terra
527 955 689 1000 factum
720 966 782 1000 est
803 993 812 1010 ‚
843 955 956 1001 inter
973 972 1043 1001 eos
1065 955 1141 1018 qui
1163 954 1225 1000 dii
1247 955 1377 1000 fortes
1400 964 1526 1000 terrae

141 1026 325 1072 nimium
352 1026 503 1072 elevati
530 1035 662 1070 sunt:
688 1036 734 1070 ut
757 1025 886 1070 etiam
922 1024 976 1070 de
1008 1025 1255 1071 beatissima
1275 1024 1451 1070 familiae
1476 1041 1526 1069 ac

141 1094 298 1142 domus
319 1100 410 1158 ejus
431 1096 673 1142 visitatione
691 1106 890 1141 sanctum
911 1095 1103 1141 hominis
1126 1095 1328 1141 meritum
1358 1094 1526 1139 revele-

143 1175 228 1213 tur.
255 1187 274 1206 «
297 1166 552 1220 Generatim
578 1166 746 1228 inquit,
771 1176 988 1211 rectorum
1020 1165 1331 1211 benedicetur:
1357 1163 1521 1224 gloria,

143 1257 166 1280 >2
189 1253 279 1282 non
298 1237 483 1287 caduca.
504 1248 546 1282 et
572 1237 756 1291 divitiae,
775 1254 862 1282 non
882 1237 1092 1293 labentes,
1115 1237 1159 1282 in
1179 1236 1311 1282 domo
1333 1235 1456 1296 ejus5
1476 1253 1487 1280 :
1505 1257 1527 1278 »

145 1307 277 1354 domo
296 1345 306 1364 ‚
330 1325 432 1372 quae
470 1308 715 1354 aedificatur
739 1308 783 1353 in
813 1308 962 1360 coelis,
989 1325 1077 1353 non
1110 1307 1260 1352 labore.
1284 1323 1490 1353 manuum
1512 1344 1523 1363 ‚

141 1378 216 1424 sed
238 1395 420 1441 operum
443 1379 686 1425 sanctitate.
718 1378 799 1423 Sed
827 1395 942 1424 cesso
969 1379 1095 1441 plura
1121 1377 1175 1423 de
1202 1377 1410 1423 memoria
1438 1388 1527 1423 tam

143 1448 290 1495 dilecti
314 1449 424 1494 mihi
447 1466 579 1513 quam
602 1448 748 1495 devoti
766 1448 942 1495 Christo
960 1449 1151 1495 hominis
1176 1465 1376 1493 enarrare
1392 1485 1403 1504 ‚
1425 1465 1528 1494 cum

142 1531 185 1566 et
201 1519 393 1583 pristinis
417 1519 593 1565 Litteris
612 1537 695 1565 non
719 1537 858 1583 pauca
877 1537 1006 1583 super
1023 1537 1073 1565 eo
1094 1536 1286 1565 narrasse
1309 1536 1375 1565 me
1393 1535 1529 1583 repu-

146 1600 231 1636 tem
250 1627 261 1646 ‚
287 1600 329 1636 et
352 1590 465 1636 nihil
490 1591 647 1653 possim
665 1589 719 1635 de
742 1591 868 1636 beata
894 1590 1026 1650 liujus
1050 1589 1129 1636 filii
1155 1600 1314 1646 matre,
1341 1600 1383 1635 ct
1400 1607 1529 1636 sanc-

144 1669 287 1706 torum
311 1661 406 1723 pari
426 1660 572 1706 radice
592 1677 811 1706 ramorum
827 1697 837 1716 ‚
864 1661 1099 1706 Melaniani
1125 1660 1277 1705 melius
1299 1670 1374 1705 aut
1397 1677 1528 1707 sanc-

146 1730 229 1776 tius
263 1730 531 1794 praedicare,
559 1747 692 1793 quam
732 1732 937 1776 sanctitas
971 1742 1044 1776 tua
1082 1731 1126 1776 in
1162 1748 1257 1776 eam
1291 1731 1456 1794 profari
1487 1741 1529 1777 et

143 1799 369 1863 disputare
392 1800 568 1860 dignata
604 1811 694 1855 est,
736 1811 782 1846 ut
819 1802 921 1864 quia
955 1816 1032 1862 ego
1067 1811 1273 1864 peccator
1296 1802 1527 1848 immunda

143 1870 264 1916 labia
290 1871 484 1926 liabens,
510 1871 624 1916 nihil
648 1871 829 1931 dignum
856 1872 977 1936 loqui
1002 1883 1229 1936 potueram
1247 1909 1258 1928 ,
1284 1882 1334 1918 ut
1358 1872 1528 1933 longin-

144 1957 258 2004 quus
278 1959 299 1988 a
322 1941 484 1998 meritis
504 1940 605 1986 fidei
628 1945 719 2000 ejus
744 1941 987 2005 animasque
1008 1942 1244 1988 virtutibus
1260 1979 1271 1998 ‚
1300 1952 1345 1988 tu
1370 1942 1441 1988 ille
1463 1943 1529 1989 vir

146 2010 336 2068 Christi,
359 2011 516 2058 doctor
534 2011 668 2057 Israel
682 2011 727 2056 in
746 2011 938 2058 Ecclesia
956 2012 1153 2058 veritatis
1169 2049 1180 2069 ‚
1198 2024 1463 2075 procurante
1483 2014 1525 2060 in

145 2079 298 2127 melius
316 2082 397 2128 Dei
422 2082 559 2141 gratia
582 2082 794 2145 parareris
815 2082 990 2142 dignior
1014 2093 1102 2129 tam
1124 2083 1260 2129 virilis
1286 2083 1330 2129 in
1352 2084 1529 2131 Christo

146 2151 304 2198 animae
336 2152 615 2216 praedicator‚
649 2153 724 2216 qui
760 2164 801 2199 et
835 2165 1025 2200 mentem
1061 2158 1152 2214 ejus
1189 2154 1338 2202 divina
1370 2155 1530 2203 virtute

146 2222 363 2268 firmatam
381 2260 392 2279 ‚
412 2233 463 2268 ut
483 2222 597 2278 dixi,
628 2224 782 2286 spiritu
806 2226 1011 2288 propiore
1031 2225 1303 2288 conspiceres
1322 2261 1333 2281 ,
1359 2237 1401 2272 et
1420 2228 1530 2274 mix-

146 2301 233 2338 tain
254 2294 533 2339 cum'virtute
548 2294 752 2356 pietatem
768 2294 942 2358 eloquio
959 2295 1157 2356 digniore
1174 2294 1384 2343 laudares.
1411 2318 1432 2339 »

213 2363 288 2411 lV.
320 2385 341 2406 «
366 2363 479 2421 Quae
499 2381 598 2410 vero
622 2376 720 2428 post
739 2369 1096 2412 resurrectionem
1122 2366 1266 2412 carnis
1289 2366 1333 2413 in
1356 2366 1432 2413 illo
1452 2385 1531 2415 sae-

147 2433 248 2480 culo
271 2435 496 2482 beatorum
516 2436 662 2481 futura
685 2437 738 2482 sit
759 2438 871 2482 actio
887 2475 898 2492 ‚
930 2448 974 2484 tu
1001 2454 1067 2483 me
1091 2438 1356 2499 interrogare
1379 2438 1532 2500 digna-

147 2514 216 2551 tus
236 2522 293 2552 es.
321 2507 376 2552 At
401 2523 478 2567 ego
508 2505 562 2552 de
582 2508 790 2570 praesenti
813 2509 914 2553 vitae
934 2524 1041 2554 meae
1061 2518 1178 2554 statu
1199 2518 1247 2554 ut
1275 2509 1530 2570 magistrum

198 2602 208 2626 ¹
231 2604 314 2638 Psal.
333 2616 445 2643 xxxv,
461 2606 514 2644 37.
533 2623 576 2630 --
590 2603 605 2627 ²
624 2605 740 2637 March.
762 2616 793 2642 v.
814 2612 843 2642 4.
860 2623 904 2632 -σ
924 2604 938 2629 3
958 2606 1039 2641 Psal.
1068 2617 1159 2649 cxxv,
1190 2619 1226 2649 9.
1243 2625 1287 2632 -
1306 2603 1320 2629 ⁴
1335 2610 1432 2648 Rom.
1449 2619 1529 2647 xm,

152 2661 207 2695 15.
226 2677 270 2685 —
285 2657 299 2681 6
317 2657 397 2693 Psat.
414 2671 480 2694 «Χῖ.
500 2672 529 2692 2,
