1902 3268
308 298 404 347 350
732 311 768 342 s.
809 301 1053 341 Aueusrmi
1088 305 1293 340 EPISCOPI

308 377 576 427 oblationem
601 375 655 421 nd
688 375 822 421 altare
858 374 966 431 Dei,
1002 373 1072 421 vel
1109 373 1305 421 invenire
1335 375 1400 421 ibi
1423 374 1692 422 sacerdotem

313 463 395 516 per
413 460 544 514 quem
564 447 745 492 offerant
765 447 873 492 Deo.
906 446 1049 490 Donet
1066 456 1168 503 ergo
1189 445 1247 490 eis
1267 445 1482 493 Dominus
1502 452 1552 492 ut
1573 446 1612 492 ei
1629 445 1695 492 vdi⁶

317 531 419 568 cant
434 557 444 574 ‚
482 517 603 582 quod
644 515 819 563 Azarias
864 514 973 560 dixit
1012 514 1059 560 in
1107 516 1474 579 consequentibus
1512 529 1695 581 precum

318 598 524 641 suarum}
551 603 571 628 t<
588 586 686 632 Non
709 592 772 631 est
791 585 836 631 in
849 584 938 630 hoc
962 592 1158 647 tempore
1178 585 1390 650 Princeps
1413 596 1455 632 et
1473 588 1699 650 Propheta

317 681 339 702 »
358 670 400 706 et
423 660 539 714 Dux4
566 666 657 703 non
681 655 958 712 holocausta,
981 663 1124 718 neque
1147 655 1340 721 oblatiO,
1365 667 1505 721 neque
1525 657 1701 721 suppli-

319 752 341 774 »
359 729 548 776 cationes
565 765 576 785 ‚
601 736 682 774 'n'e'c
705 726 828 773 locus
852 725 907 772 ad
927 724 1265 772 sacrificandum
1282 727 1328 772 in
1349 739 1588 792 conspectu
1604 736 1698 783 tu0‚

323 812 406 847 »et
441 799 633 847 invenire
664 796 1039 850 misericordiain3
1070 795 1145 842 sed
1179 797 1225 843 in
1269 797 1414 844 anima
1449 799 1637 844 contrita
1661 807 1704 844 et

324 871 522 935 »spiritu
557 868 821 914 humilitatis
860 867 1145 931 accipiamur.
1191 866 1316 914 Sicut
1341 868 1388 914 in
1422 868 1703 915 holocaueto-

324 964 347 986 »
370 937 562 989 matibus
590 941 774 986 arietum
807 949 849 985 et
877 947 1105 985 taurorum
1123 975 1135 995 ,
1170 949 1212 984 et
1245 939 1289 985 in
1320 939 1605 986 multitudine
1628 956 1708 1000 ag-

328 1036 350 1058 »
368 1024 526 1061 norum
559 1011 791 1076 pinguium
809 1048 820 1067 ,
843 1011 902 1056 sic
931 1012 1008 1056 fiat
1034 1010 1296 1056 sacrificium
1316 1021 1515 1057 nostrum
1534 1011 1581 1057 in
1599 1027 1709 1057 eon-

331 1107 352 1129 »
369 1090 504 1150 pectu
518 1093 596 1129 tuo
619 1081 753 1127 hodie
764 1081 972 1144 perficere
990 1080 1303 1143 subsequentes
1319 1091 1377 1140 te3
1394 1082 1604 1145 quoniam
1620 1098 1711 1127 non

332 1177 355 1200 »
377 1156 460 1203 erit
481 1151 679 1200 contusio
701 1151 770 1208 iis,
789 1151 867 1215 qui
884 1151 930 1197 in
949 1161 990 1197 te
1007 1151 1256 1197 confidunt.
1279 1153 1336 1197 Et
1357 1168 1477 1198 nunc
1491 1152 1714 1215 sequimur

331 1236 469 1273 »toto
499 1223 631 1271 corde
660 1233 704 1269 et
735 1223 939 1268 timemus
965 1233 1034 1276 te,
1070 1227 1113 1268 et
1133 1223 1373 1286 quaerimus
1404 1222 1560 1269 faeiem
1592 1233 1714 1269 tuam

334 1319 357 1342 »
377 1295 594 1350 Domine3
622 1311 676 1340 ne
705 1293 949 1340 confundas
976 1310 1080 1349 nos,
1109 1293 1184 1339 sed
1208 1293 1277 1340 fac
1300 1294 1530 1340 nobiscum
1555 1308 1716 1340 secun-—

336 1390 358 1414 »
381 1368 486 1415 dum
506 1364 885 1413 mansuetudinem
903 1374 1044 1421 tuam,
1064 1373 1106 1410 et
1126 1364 1367 1411 secundum
1390 1365 1718 1411 multitudinem

338 1462 361 1484 »
383 1436 693 1486 misericordiae
718 1446 830 1492 tuae,
870 1437 913 1482 et
941 1435 1078 1481 libera
1116 1452 1194 1481 nos
1233 1435 1474 1482 secundum
1501 1435 1720 1481 mirabilia

339 1531 361 1554 >³
387 1520 478 1565 tua,
504 1518 546 1553 et
569 1506 625 1552 da
648 1505 830 1566 gloriam
850 1505 1017 1551 nomini
1035 1514 1110 1551 tuo
1129 1505 1319 1552 Domine
1342 1542 1352 1562 ,
1376 1515 1420 1551 et
1443 1515 1722 1552 revereantur

340 1600 364 1625 »
388 1595 536 1626 omnes
554 1614 565 1634 ,
594 1577 670 1640 qui
694 1575 930 1621 ostendunt
953 1576 1084 1622 servis
1107 1576 1193 1621 tuis
1214 1575 1326 1621 mala
1343 1613 1354 1632 ‚
1385 1582 1428 1621 et
1447 1575 1721 1622 confundan-

341 1661 454 1697 »tur
482 1649 537 1695 ab
564 1646 883 1710 omnipotentia
904 1683 916 1703 ,
946 1656 987 1691 et
1009 1646 1148 1692 virtus
1179 1647 1331 1691 eorum·
1367 1656 1616 1692 conteratur
1633 1683 1644 1702 ‚
1680 1652 1721 1691 et

342 1743 364 1766 >³
383 1721 523 1768 sciant
545 1717 753 1782 quoniam
785 1722 834 1763 tu
863 1730 905 1762 es
932 1716 1146 1763 Dominus
1170 1717 1286 1762 Deus
1313 1715 1429 1763 solus
1450 1726 1491 1762 et
1511 1716 1723 1777 gloriosus

345 1815 367 1837 >>
389 1793 434 1838 in
455 1790 654 1836 universo
680 1788 786 1834 orbe
810 1787 980 1835 terrael.
1005 1808 1026 1831 >³

411 1863 490 1909 IX.
531 1860 640 1906 Haec
670 1859 754 1904 illis
778 1858 1028 1905 dicentibus
1047 1895 1058 1915 ,
1085 1868 1127 1904 et
1152 1858 1209 1904 ad
1235 1860 1374 1904 Deum
1398 1857 1722 1918 ingemiscenti-

344 1936 428 1981 bus
447 1931 625 1979 omnino
644 1930 730 1975 suis
757 1929 918 1985 aderit,
940 1930 1017 1993 qui
1035 1929 1121 1975 suis
1141 1929 1284 1974 adesse
1308 1929 1531 1975 eonsue'vit
1546 1966 1556 1984 ‚
1581 1939 1621 1974 et
1648 1931 1722 1974 aut

345 2001 461 2051 nihil
475 2003 520 2048 in
532 2015 678 2046 earum
693 2000 940 2045 castissimis
963 1999 1170 2044 membris
1184 1999 1367 2044 libidine
1394 1999 1540 2045 hostili
1561 2015 1722 2062 perpe-z

350 2075 453 2121 trari
475 2071 726 2137 permittet3
764 2081 837 2115 vaut
871 2070 905 2115 si
930 2071 1183 2133 permittet,
1216 2070 1576 2133 nonimputabit.
1609 2073 1722 2115 Cum

346 2146 461 2193 enim
483 2143 652 2189 animus
676 2140 798 2186 (lulla
831 2140 1123 2186 consensionis
1144 2139 1420 2203 turpitudine
1438 2140 1688 2186 maculatur
1707 2177 1718 2196 ,

347 2217 478 2263 etiam
510 2229 684 2259 carnem
712 2227 835 2256 suam
861 2209 1054 2256 defendit
1077 2228 1100 2255 a
1125 2211 1305 2256 crimine
1331 2227 1342 2255 :
1370 2221 1411 2255 et
1441 2210 1659 2274 quidquid
1678 2209 1724 2257 in

346 2305 394 2333 ea
418 2303 497 2332 nec
522 2282 767 2337 commisit,
801 2298 879 2327 nec
905 2280 1102 2345 permisit
1129 2280 1270 2326 libido
1295 2282 1530 2344 patientis2
1550 2319 1560 2338 ,
1594 2281 1724 2327 solius

347 2358 428 2403 erit
451 2355 582 2418 culpa
599 2351 822 2408 facientis3
851 2351 1076 2414 omnisque
1097 2349 1171 2396 illa
1195 2351 1399 2397 violentia
1418 2369 1506 2397 non
1531 2369 1612 2415 pro
1630 2368 1725 2397 cor-

345 2426 564 2492 ruptionis
583 2422 875 2486 turpitudine,
906 2421 979 2468 sed
1000 2439 1080 2486 pro
1104 2422 1315 2484 passionis
1340 2422 1517 2468 vulnere
1540 2423 1724 2485 deputa—

344 2499 483 2545 bitur.
510 2492 702 2541 Tantum
724 2492 839 2539 enim
863 2491 908 2538 in
932 2498 1074 2538 mente
1100 2492 1213 2538 valet
1235 2492 1455 2552 integritas
1475 2493 1684 2538 castitatis
1707 2528 1719 2547 ‚

347 2568 413 2616 uti
435 2561 509 2615 illa
534 2561 741 2613 'inviolata
760 2601 772 2622 ‚
794 2565 937 2611 necin
956 2576 1139 2628 corpore
1157 2563 1294 2628 possit
1312 2561 1526 2628 'pudicitia
1547 2555 1719 2619 violari,

392 2645 502 2684 inan.
517 2657 567 2687 in,
585 2646 707 2686 38-45.
729 2663 764 2670 --
787 2645 802 2669 ²
818 2643 864 2680 De
881 2645 969 2682 civit.
985 2643 1046 2680 Dei
1064 2652 1135 2690 cap.
1154 2641 1272 2680 16518'.
