1902 3268
311 275 404 320 526
732 286 766 316 s,
810 285 1053 323 aueusrmi
1092 285 1296 319 Briscom

304 362 606 408 consecraret,
635 351 842 402 firmaret,
893 361 1155 414 augeretque
1196 349 1535 414 rempublicam.
1568 352 1691 409 Quid

308 425 420 470 enim
445 435 507 470 est
527 422 773 486 respublica
787 422 868 467 nisi
884 439 948 467 res
974 421 1129 485 populi
1148 425 1166 468 Ρ
1191 423 1277 469 Res
1300 439 1400 482 ergo
1423 423 1686 479 communis,

308 513 372 542 res
398 496 547 558 ntique
572 492 770 539 civitatis.
804 491 925 548 Quid
955 501 1018 536 est
1039 501 1182 538 autem
1213 492 1391 548 civitas,
1426 492 1507 538 nisi
1533 493 1689 538 multi-

312 566 418 612 tudo
436 564 667 611 hominum
682 563 726 608 in
739 561 964 625 quoddam
981 561 1207 607 vinculum
1222 562 1394 607 redacta
1408 562 1690 609 concordiae?

311 635 442 701 Apud
468 652 536 680 eos
571 634 685 679 enim
711 634 769 678 ita
804 632 995 692 legitur:
1037 632 1202 679 «Brevi
1228 631 1465 681 multitudo
1499 632 1691 696 dispersa

313 717 442 770 atque
467 722 600 765 vaga,
626 702 863 749 concordia
888 702 1040 748 civitas
1066 702 1180 748 facta
1206 713 1311 749 erat.
1341 725 1362 744 »
1409 703 1521 758 Quae
1556 719 1690 766 porro

311 787 532 842 praecepta
561 774 808 820 concordiae
828 774 873 819 in
896 773 982 820 suis
1009 773 1182 837 templis
1204 790 1397 837 unquam
1434 772 1496 820 illi
1513 772 1693 834 legenda

311 858 573 896 censuerunt
589 850 606 892 ἶ)
623 845 983 910 quandoquidem
1011 845 1153 891 miseri
1171 862 1366 909 quaerere
1392 845 1689 905 cogebantur,

310 937 503 984 quonam
529 918 660 964 modo
694 918 783 962 sine
805 917 1039 963 offensione
1059 920 1318 981 cujusquam
1344 934 1493 963 eorum
1519 916 1690 963 discor-

311 991 385 1037 des
412 990 523 1035 inter
540 1006 581 1034 se
604 988 706 1033 deos
719 1004 818 1033 suos
846 987 986 1033 colere
1000 998 1175 1050 possent
1198 988 1381 1052 :quossi
1414 986 1575 1033 imitari
1599 987 1692 1033 dis-

311 1060 536 1115 cordando
561 1058 736 1113 vellent,
759 1069 889 1121 rupto
916 1057 1167 1104 concordiae
1192 1058 1368 1104 vinculo
1393 1058 1545 1106 civitas
1568 1056 1689 1103 labe-

310 1144 453 1185 retur3
481 1129 599 1194 quod
638 1139 785 1193 postea
827 1127 1039 1192 paulatim
1085 1127 1344 1174 decolor—atis
1385 1128 1692 1191 corruptisque

315 1204 512 1250 moribus
533 1202 597 1262 agi
617 1201 755 1264 coepit
775 1218 853 1264 per
878 1200 993 1245 bella
1017 1199 1176 1246 civilia.

377 1275 456 1321 xl.
488 1274 662 1329 Quanta
697 1288 797 1317 vero
833 1282 1055 1335 praccepta
1094 1269 1344 1316 concordiae
1371 1288 1459 1316 non
1488 1268 1693 1315 humanis

313 1343 687 1410 disputationibus
716 1343 952 1406 exquisita,
994 1341 1067 1387 sed
1101 1341 1249 1387 divina
1291 1341 1548 1387 auctoritate
1582 1356 1691 1386 con«

311 1418 474 1480 scripta
500 1415 544 1460 in
571 1413 735 1459 Christi
766 1411 967 1458 Ecclesiis
1001 1411 1268 1467 lectitentur,
1306 1411 1404 1475 quis
1438 1410 1506 1459 vel
1530 1410 1586 1455 ab
1618 1408 1691 1454 illa

314 1487 518 1547 religione
539 1485 700 1531 alienus
718 1522 728 1540 ‚
751 1484 809 1529 ita
834 1483 990 1528 surdus
1010 1494 1072 1528 est
1093 1493 1140 1528 ut
1159 1483 1359 1542 ignoret?
1382 1480 1450 1527 Ad
1469 1481 1557 1526 hoc
1575 1479 1690 1526 enim

312 1569 353 1604 et
376 1558 449 1604 illa
484 1556 725 1619 pertinent,
765 1571 865 1618 quae
893 1553 1061 1599 malunt
1095 1553 1308 1612 exagitare
1331 1569 1465 1614 quam
1492 1551 1656 1597 discere
1677 1587 1687 1605 ,

313 1628 490 1674 alteram
528 1626 788 1690 percutienti
823 1623 1110 1687 praebendam
1135 1640 1221 1669 esse
1248 1622 1493 1678 maxillam,
1529 1620 1690 1670 volenti

312 1698 475 1744 auferre
500 1697 693 1742 tunicam
715 1695 911 1741 dandum
936 1693 1063 1744 etiam
1083 1692 1268 1756 pallium
1285 1730 1295 1748 ‚
1319 1709 1420 1741 cum
1443 1691 1692 1752 angariante

313 1767 628 1833 duplicandam
658 1766 789 1812 viam.
829 1765 925 1810 Hoc
959 1764 1127 1829 quippe
1158 1764 1231 1819 fit‚
1270 1774 1317 1809 ut
1339 1763 1540 1812 vincatur
1572 1762 1690 1809 hono

315 1840 480 1896 malm,
514 1840 600 1884 imo
641 1838 685 1883 in
717 1836 895 1885 homine
922 1833 1033 1882 malo
1072 1834 1274 1882 vincatur
1296 1833 1416 1882 hono
1451 1832 1617 1878 malum
1650 1841 1691 1876 et

309 1912 441 1959 homo
466 1911 674 1956 liberetur
705 1926 727 1953 a
753 1906 883 1962 malo,
912 1923 998 1951 non
1026 1905 1233 1956 exteriore
1270 1914 1311 1950 et
1333 1904 1499 1960 alieno,
1530 1902 1602 1953 sed
1626 1902 1691 1948 in-

317 1983 422 2037 timo
439 2019 448 2037 ‚
479 1999 527 2027 ac
554 1998 631 2026 suo
651 1996 738 2043 quo
767 1978 937 2038 gravius
960 1986 1001 2021 et
1029 1974 1314 2039 perniciosius
1342 1991 1473 2038 quam
1499 1973 1689 2033 cujusvis

310 2053 447 2099 hostis
471 2052 732 2098 extrinsecus
758 2047 1027 2098 immanitate
1059 2055 1268 2092 vastatur.
1303 2044 1391 2101 Qui
1417 2061 1517 2104 ergo
1552 2044 1688 2096 vincit

313 2124 433 2170 bono
454 2123 641 2177 malum,
666 2120 880 2184 patienter
904 2116 1066 2162 amittit
1083 2113 1338 2177 temporalia
1355 2113 1586 2161 commoda
1601 2151 1612 2170 ‚
1644 2124 1690 2159 ut

313 2194 468 2240 doceat
486 2209 618 2257 quam
646 2208 726 2255 pro
761 2188 846 2235 fide
874 2198 1003 2251 atquc
1028 2185 1197 2245 Justitia
1224 2183 1540 2238 contemnenda
1575 2183 1686 2239 sint,

309 2283 410 2330 quae
430 2265 500 2311 ille
521 2263 648 2310 nimis
672 2259 858 2308 amando
879 2260 928 2304 sit
949 2258 1110 2311 malus3
1145 2273 1194 2301 ac
1218 2255 1278 2300 sic
1298 2254 1531 2314 injuriosus
1560 2255 1615 2300 ab
1639 2272 1689 2300 eo

309 2337 405 2400 ipso
421 2374 432 2393 ‚
453 2335 523 2382 cui
549 2334 650 2380 fecit
672 2332 876 2392 injuriam
893 2367 902 2384 ‚
931 2328 1069 2374 discat
1095 2326 1241 2389 qualia
1276 2325 1361 2370 sint
1383 2336 1566 2389 propter
1589 2342 1690 2389 quae

307 2408 409 2461 fecit
436 2406 640 2467 injuriam
659 2441 669 2460 ,
698 2414 827 2466 atque
851 2402 894 2446 in
921 2399 1200 2450 concordiam
1218 2434 1229 2453 ,
1258 2413 1344 2459 qua
1377 2397 1489 2442 nihil
1510 2407 1571 2442 est
1598 2396 1689 2442 uti-

307 2481 390 2530 lius
413 2477 606 2532 civitati,
635 2475 852 2540 poenitens
879 2470 1134 2534 acquiratur
1151 2505 1163 2525 ‚
1198 2468 1339 2513 victus
1368 2484 1456 2513 non
1474 2467 1690 2514 saevientis

307 2552 476 2600 viribus
492 2547 606 2610 ‚Ksed
632 2543 932 2593 benevolentia
954 2540 1171 2605 patientis.
1206 2539 1333 2596 Tunc
1350 2537 1463 2583 enim
1484 2548 1597 2594 recte
1619 2539 1684 2594 fit,

308 2644 407 2673 cum
435 2620 607 2670 videtur
640 2617 677 2663 ei
706 2615 986 2679 profuturum
1024 2628 1110 2660 esse
1137 2620 1318 2675 propter
1355 2625 1483 2672 quem
1523 2610 1594 2665 fit,
1635 2608 1687 2654 ad
