1902 3268
613 317 823 350 ErisToLA
859 319 1016 349 cxv111.
1413 306 1499 353 361

130 405 354 455 exponere.
387 385 518 444 Quod
541 395 756 449 quantum
797 383 1029 440 dedeceat,
1053 401 1305 449 quanquam
1332 397 1505 432 tuorum

133 459 377 506 studiorum
397 468 548 520 raptus
566 455 718 501 ardore
736 471 912 519 prorsus
929 454 1039 500 nolis
1059 455 1291 510 attendere,
1314 466 1359 502 tu
1379 456 1506 501 etiam

131 530 260 576 sentis
279 540 440 574 tamen.
473 525 590 584 Quid
614 526 726 571 enim
754 525 872 571 aliud
898 524 1081 581 indicat,
1109 526 1227 589 quod
1249 543 1350 572 cuni
1376 526 1509 572 dixis-

131 616 210 654 ses,
238 599 280 644 in
303 598 388 644 liae
415 615 459 642 re
482 598 655 660 penitus
680 596 791 642 nihil
816 613 901 642 esse
939 595 1164 642 dedecoris
1183 634 1192 652 ,
1238 598 1380 643 statim
1423 597 1505 642 ad-

126 670 304 731 junxisti
337 685 347 714 :
376 690 396 709 «
419 669 582 713 'samen
605 667 916 731 quodcumque
937 677 996 712 est
1011 678 1112 730 peto
1133 679 1308 730 praestes
1330 669 1510 727 naviga-

134 762 154 782 ›>
177 751 286 786 turo.
316 762 335 780 υ
357 740 451 784 Hoc
469 739 581 785 enim
603 749 743 794 sonat,
771 737 908 782 videri
935 737 1015 782 tibi
1035 737 1210 800 quidem
1233 736 1342 783 nihil
1362 745 1404 784 iu
1426 739 1512 784 hac

133 827 178 856 re
197 828 282 856 esse
301 810 542 865 dedecoris,
586 820 725 854 tamen
764 807 1078 871 quodcumque
1099 818 1160 853 est
1178 807 1418 865 dedecoris,
1444 826 1514 871 pe-

136 892 224 927 tere
247 891 358 926 tent
384 890 586 944 praestem
622 879 892 938 navigaturo.
928 877 1012 922 Sed
1032 877 1138 942 quid
1165 890 1244 933 est,
1281 896 1428 942 quaeso
1456 889 1512 933 te,

134 952 253 1015 quod
276 951 513 997 addidisti:
539 970 557 990 (ι
586 949 888 1008 Navigatum?
912 969 932 989 ›>
968 950 1034 993 An
1054 965 1154 1008 ego,
1184 949 1266 994 nisi
1283 949 1519 1009 navigatu-

135 1038 208 1068 rus
227 1039 351 1078 csses,
373 1030 579 1085 praestare
606 1020 686 1064 tibi
711 1018 878 1082 aliquid
917 1018 1140 1064 dedecoris
1164 1036 1250 1065 non
1277 1020 1514 1066 deberem?

137 1094 354 1139 Nimirum
378 1103 520 1156 putas,
558 1090 677 1155 quod
716 1107 826 1154 aqua
856 1091 1021 1136 marina
1066 1091 1253 1137 dedecus
1292 1092 1511 1138 abluatur.

138 1163 269 1221 Quod
290 1165 320 1210 si
349 1165 406 1210 ita
433 1174 555 1217 esset,
593 1179 733 1209 meum
760 1172 874 1208 certe
891 1163 966 1226 qui
995 1163 1273 1223 navigaturus
1295 1182 1378 1210 non
1403 1181 1516 1219 sum,

136 1235 402 1298 inexpiatum
425 1245 678 1281 remaneret.

206 1306 286 1352 ΙΙΙ.
319 1305 484 1351 Scribis
509 1305 635 1350 etiam
655 1321 777 1350 nosse
808 1321 889 1360 me,
917 1321 1046 1368 quam
1075 1305 1155 1350 tibi
1175 1305 1519 1351 molestissimum

139 1376 192 1422 sit
214 1376 332 1422 oneri
359 1392 445 1422 esse
478 1376 670 1439 cuipiam
691 1411 701 1431 ,
732 1386 773 1420 et
796 1376 1006 1421 attestaris
1031 1375 1172 1421 solum
1202 1377 1339 1421 Deum
1372 1393 1492 1421 nosse
1511 1412 1522 1431 ,

139 1445 260 1510 quod
294 1446 427 1492 nimia
463 1445 712 1491 necessitate
738 1445 951 1509 impulsus
993 1445 1079 1491 hoc
1114 1445 1277 1492 feceris.
1317 1446 1400 1491 Hic
1426 1464 1526 1491 sane

140 1532 239 1563 cum
261 1516 487 1580 epistolam
505 1527 621 1563 tuam
644 1516 846 1577 legerem,
881 1517 981 1562 satis
1011 1516 1176 1563 adverti
1196 1517 1390 1563 animum
1416 1534 1525 1576 cog-

141 1603 316 1633 noscere
338 1587 635 1632 necessitatem
671 1598 804 1634 tuam.
850 1588 961 1633 Cum
998 1604 1097 1633 ecce
1123 1587 1232 1633 mihi
1259 1589 1379 1633 affers
1403 1598 1445 1632 et
1461 1587 1527 1632 di-

142 1658 202 1704 cis
229 1675 240 1703 z
268 1678 288 1699 «
308 1659 451 1704 Mores
469 1658 702 1703 hominum
730 1676 817 1703 non
843 1658 1068 1718 ignoratis,
1091 1658 1168 1718 qui
1189 1658 1403 1721 proclives
1428 1667 1528 1703 sunt

143 1727 198 1774 ad
226 1724 586 1791 vituperandum,
610 1739 650 1774 et
669 1745 820 1791 quam,
854 1729 886 1774 si
907 1729 1202 1788 interrogatus
1218 1729 1314 1792 quis
1334 1745 1421 1774 non
1444 1745 1527 1774 res-

143 1799 365 1863 ponderit,
390 1798 592 1845 indoctus
615 1810 656 1844 et
689 1800 822 1845 hebes
852 1800 1099 1863 putabitur.
1133 1821 1152 1840 ›>
1180 1799 1276 1844 Hoc
1301 1798 1398 1844 loco
1425 1816 1527 1845 vero

144 1869 276 1916 exarsi
309 1868 362 1915 nd
391 1869 718 1916 rescribendum
750 1871 866 1916 tibi:
905 1870 991 1916 hoc
1027 1870 1139 1916 enim
1172 1870 1377 1930 languore
1400 1869 1535 1916 animi

146 1940 208 1986 tui
235 1940 471 2004 penetrasti
490 1940 597 1986 mibi
623 1951 792 2003 pectus,
816 1952 857 1986 et
880 1940 1078 2004 irrupisti
1097 1940 1138 1986 in
1168 1957 1292 1986 curas
1318 1957 1450 1995 meas,
1485 1950 1532 1986 ut

143 2009 415 2057 dissimulare
449 2027 537 2055 non
574 2027 761 2073 possem,
799 2022 1014 2074 quantum
1045 2027 1111 2056 me
1138 2012 1252 2056 Deus
1279 2010 1526 2070 adjuvaret,

146 2080 307 2128 mederi
334 2081 438 2134 tibi3
462 2098 549 2126 non
587 2092 636 2127 ut
655 2080 708 2127 de
735 2082 821 2127 tuis
851 2081 1169 2145 quaestionibus
1191 2080 1431 2127 enodandis
1456 2100 1530 2128 ex-

147 2150 452 2215 plicandisque
469 2149 721 2210 cogitarem,
743 2151 817 2197 sed
843 2163 892 2198 ut
912 2151 1160 2198 felicitatem
1183 2162 1303 2197 tuam
1337 2152 1535 2214 penden-

148 2233 233 2268 tem
263 2238 309 2268 ex
345 2220 504 2282 linguis
530 2222 758 2268 hominum
791 2235 918 2287 atque
946 2234 1174 2269 nutantem
1197 2240 1219 2268 a
1242 2232 1331 2267 tam
1367 2223 1532 2269 infelici

148 2291 390 2339 retinaculo
409 2292 733 2356 abrumperem,
761 2304 802 2339 et
841 2293 1017 2340 cuidam
1043 2293 1135 2339 sedi
1173 2292 1354 2338 omnino
1375 2293 1536 2338 incon-

150 2379 285 2410 cussae
308 2363 541 2428 stabilique
571 2363 811 2424 religarem.
837 2366 872 2410 T
879 2382 982 2421 unc,
1016 2383 1041 2411 o
1063 2365 1293 2420 Dioscore,
1328 2380 1408 2410 nec
1429 2365 1536 2410 Per-

152 2434 261 2481 sium
289 2444 413 2480 tuum
445 2435 622 2498 respicis
646 2435 925 2481 insultantem
956 2435 1035 2481 tibi
1076 2445 1278 2481 contorto
1301 2434 1534 2491 versiculo,

152 2504 225 2552 sed
247 2503 379 2569 plane
415 2504 583 2568 puerile
613 2517 761 2570 caput,
788 2507 821 2552 si
841 2523 985 2553 sensus
1011 2506 1138 2562 adsit,
1168 2505 1324 2552 idoneo
1346 2505 1536 2569 colapho

155 2577 494 2622 contundentem
517 2587 646 2640 atque
667 2583 941 2624 coercentem
959 2599 971 2632 ;

393 2662 480 2694 Scire
500 2669 587 2694 tium·
609 2662 686 2696 nihil
707 2670 768 2701 est,
789 2663 846 2695 nisi
867 2670 896 2696 te
915 2664 995 2696 seire
1012 2664 1072 2696 hoc
1091 2664 1168 2697 sciat
1186 2663 1265 2696 attor
1283 2665 1305 2696 Ι.

207 2726 216 2751 ¹
241 2726 362 2758 Penius
382 2729 490 2769 Sat-ira
513 2738 539 2764 ι,
