1902 3268
319 253 412 309 422
744 266 779 295 S.
826 265 1071 296 AL'GUS'UNI
1106 264 1314 296 Eriscorl

322 342 385 378 set
403 331 448 377 in
467 330 703 393 templum,
731 339 773 375 et
795 340 1028 393 acceptum
1060 329 1159 376 sinu
1191 328 1477 377 benedixisset
1495 331 1708 379 infantem

322 402 584 453 Dominum,
619 400 745 446 aitad
769 401 966 447 Mariam.
995 423 1014 441 «
1036 402 1149 446 Ecce
1169 400 1245 446 hic
1269 401 1437 464 positus
1457 413 1522 448 est
1538 404 1585 449 in
1607 403 1707 450 rui-

321 493 344 516 »
367 490 469 520 nam
496 483 538 517 et
566 470 925 516 resurrectionem
950 470 1192 515 multorum
1219 471 1265 516 in
1290 472 1452 528 Israel,
1479 483 1521 519 et
1544 473 1588 520 in
1614 474 1705 535 sig-

323 564 346 586 »
371 560 475 589 num
513 541 583 587 cui
617 539 941 586 contradicetur
973 557 985 584 ι
1012 550 1054 585 ct
1081 550 1198 585 tuam
1225 540 1361 604 ipsius
1389 541 1579 589 animam
1604 562 1710 607 per-

320 635 343 657 »
365 611 569 659 transibit
603 610 771 671 gladius
792 647 802 665 ‚
848 620 896 655 ut
932 609 1176 656 revelentur
1218 611 1457 658 multorum
1501 614 1707 661 cordium

320 706 342 727 ))
367 682 665 743 cogitationes.
695 702 716 722 υ
737 680 965 744 :Numquid
987 680 1040 726 cle
1059 681 1257 744 passione
1284 682 1459 740 Mariae3
1486 700 1588 747 quae
1605 701 1712 730 nus-

323 770 457 818 quam
480 752 644 815 scripta
679 761 757 807 est,
800 750 886 796 hoc
926 750 1210 814 prophetasse
1251 751 1495 799 credendus
1538 757 1627 801 est?
1644 755 1713 802 An

320 841 424 873 vero
445 823 501 870 de
519 833 715 869 materno
734 825 826 882 eJ'us
849 822 1025 878 affectu,
1049 838 1138 885 quo
1156 833 1307 885 postea
1329 822 1375 868 in
1395 834 1592 888 tempore
1614 841 1713 889 pas-

321 894 454 942 sionis
474 893 668 940 assistens
693 893 834 950 cruci,
854 909 942 957 qua
963 892 1051 939 hoc
1069 904 1160 940 erat
1186 894 1338 950 fixum,
1363 894 1486 958 quod
1517 895 1611 959 ipsa
1633 913 1715 959 pe-
1752 944 1753 947 ,

321 974 510 1029 pererat,
550 974 846 1010 maternorum
886 964 1100 1010 viscerum
1142 963 1292 1010 dolore
1334 966 1520 1012 confixa·
1547 976 1608 1012 est
1634 983 1646 1011 ε
1674 976 1715 1012 et

325 1035 517 1082 animam
535 1034 667 1092 illius,
688 1034 762 1081 illa
777 1050 878 1098 quas
897 1038 989 1094 ejus
1004 1035 1245 1081 secundum
1266 1053 1440 1082 carnem
1464 1037 1605 1085 filium
1621 1037 1716 1101 ipsa

327 1118 552 1172 spectante
574 1106 848 1163 confoderat,
871 1107 1014 1152 crucis
1032 1107 1297 1170 rhomphaea
1325 1109 1600 1171 penetrabat.
1633 1109 1716 1156 vi-

328 1177 409 1224 deo
426 1177 542 1224 enim
561 1189 602 1224 et
628 1178 674 1223 in
691 1176 872 1223 Psalmis
892 1177 945 1222 de
963 1177 1127 1240 Joseph
1151 1177 1213 1223 ita
1231 1177 1402 1223 dictum
1421 1195 1510 1224 esse
1534 1197 1545 1224 ε
1571 1199 1592 1220 «
1616 1179 1717 1224 Hu-

323 1269 347 1292 >›
370 1249 649 1296 miliaverunt
670 1249 716 1294 in
740 1247 1029 1311 compedibus
1048 1247 1178 1311 pedes
1197 1251 1306 1307 ejus,
1322 1247 1485 1294 ferrum
1508 1260 1713 1313 pertran-

332 1341 355 1363 »
379 1320 450 1366 siit
474 1319 662 1366 animam
683 1323 792 1379 ejus,
823 1324 937 1365 sicut
953 1319 999 1364 in
1018 1318 1255 1379 Evangelio
1271 1319 1379 1365 dixit
1398 1320 1573 1367 Simeon
1591 1320 1624 1368 1.
1659 1322 1715 1367 Et

310 1413 349 1451 ¹>2
368 1402 488 1438 tuam
511 1391 649 1455 ipsius
664 1392 853 1437 animam
876 1383 1159 1454 pertransibit
1176 1390 1360 1450 gladius.
1383 1413 1404 1433 n
1432 1393 1530 1438 Px‘on
1550 1393 1716 1438 aitcar-

327 1480 444 1519 nem,
468 1462 542 1508 sed
578 1463 768 1509 animam
790 1462 827 1517 2,
853 1461 898 1507 in
929 1478 1016 1525 qua
1040 1462 1211 1524 pietatis
1252 1463 1422 1508 affectio
1446 1464 1712 1519 continetur,

326 1545 370 1579 et
391 1533 553 1579 doloris
577 1534 750 1579 aculeus
789 1533 913 1596 quasi
940 1532 1111 1593 gladius
1136 1544 1341 1596 operatur
1359 1570 1369 1588 ‚
1407 1551 1507 1580 cum
1532 1544 1607 1579 aut
1632 1533 1716 1579 ali-

329 1605 571 1668 quacarnis
589 1605 848 1663 suaeinjuria
866 1604 1336 1666 allicitu1¹3utJosepli‚
1357 1605 1536 1666 quinon
1550 1605 1716 1662 mortis,

331 1674 406 1721 sed
421 1675 686 1734 injuriarum
706 1674 885 1738 pertulit
904 1676 1140 1738 passiones,
1165 1674 1210 1719 in
1235 1691 1408 1720 servum
1429 1674 1649 1731 venditus,
1677 1684 1720 1720 et

332 1745 379 1792 in
402 1762 525 1790 reum
543 1746 790 1792 vinculatus
805 1782 815 1800 ‚
841 1755 883 1790 et
902 1745 1065 1797 carceri
1084 1744 1231 1790 clatus:
1268 1755 1343 1790 aut
1362 1761 1463 1790 cum
1484 1744 1720 1790 affectionis

298 1851 301 1854 -
340 1816 524 1862 internae
545 1817 720 1862 tristitia
740 1816 805 1863 vel
829 1815 976 1861 dolore
992 1815 1235 1873 cruciatur3
1267 1826 1315 1860 ut
1334 1815 1381 1861 in
1398 1815 1558 1872 Maria,
1585 1832 1718 1879 quam

331 1887 484 1951 utique
497 1887 553 1934 ad
575 1904 753 1934 crucem
781 1887 973 1941 Domini,
999 1886 1043 1931 in
1065 1903 1155 1950 quo
1189 1897 1295 1932 tunc
1321 1886 1386 1932 sui
1413 1896 1584 1932 tantum
1615 1904 1720 1933 cor-

332 1959 452 2023 poris
475 1959 614 2004 filium
649 1959 891 2018 cogitabat,
932 1969 1124 2004 materna
1153 1975 1274 2004 mens
1297 1957 1504 2014 duxerat,
1531 1968 1580 2003 ut
1617 1975 1720 2005 cum

337 2047 436 2075 eum
460 2030 637 2076 vidisset
662 2041 902 2085 mortuum,
943 2029 1138 2074 humana
1166 2028 1422 2073 infirmitate
1439 2028 1623 2088 lugeret,
1652 2046 1721 2075 se·-

335 2101 678 2165 peliendumque
697 2100 933 2160 colligeret,
957 2100 1162 2146 nihilsibi
1185 2099 1239 2145 de
1257 2099 1394 2162 ipsius
1411 2101 1722 2147 resurrectione

334 2188 622 2234 praesumens,
639 2173 743 2236 quia
768 2172 1069 2218 subsecuturae
1089 2170 1388 2218 admirationis
1405 2170 1536 2216 fidem
1559 2172 1604 2217 in
1619 2188 1724 2218 ocu-

333 2241 387 2288 lis
410 2243 552 2306 posita
570 2244 782 2307 passionis
806 2261 942 2307 poena
963 2243 1176 2290 caecabat.
1203 2241 1414 2300 Quamvis
1435 2242 1632 2288 eamdem
1650 2260 1722 2290 as-

337 2323 501 2360 tantem
535 2315 657 2360 cruci
690 2332 780 2360 suae
817 2314 1032 2361 Dominus
1070 2331 1159 2360 non
1203 2313 1423 2360 morientis
1470 2314 1722 2360 infirmitate

337 2385 560 2449 trepidans
571 2386 818 2433 consolatus
831 2386 903 2442 sit,
921 2385 993 2432 sed
1017 2387 1176 2449 ipsam,
1196 2402 1285 2450 qua
1299 2385 1454 2431 obibat
1475 2384 1622 2432 volens
1640 2423 1651 2442 ‚
1675 2385 1723 2431 in

338 2468 553 2520 potestate
574 2458 742 2505 habens
762 2469 965 2515 mortem,
984 2458 1113 2522 plena
1130 2458 1292 2505 virtute
1316 2457 1517 2513 viventis,
1540 2467 1582 2503 et
1596 2474 1721 2504 cons-

336 2529 472 2578 tantia
501 2532 784 2578 resurrecturi
814 2532 868 2578 de
894 2548 1024 2580 cruce
1051 2530 1271 2587 admonet,
1308 2528 1456 2577 dicens
1494 2528 1548 2575 de
1591 2530 1720 2576 beato

386 2613 495 2648 ¹Psal.
512 2615 703 2651 cix-‚18.—
720 2613 875 2653 2Luc.¹1‚
901 2616 954 2646 35.
