1902 3268
385 317 409 347 2
427 302 475 357 ‘¹12
811 316 844 345 s,
889 313 1129 345 Aucus'rixr
1169 314 1372 344 EPISCOPI

387 380 568 441 dignum
594 381 808 444 deputans
831 381 904 443 qui
938 381 1037 427 talia
1071 392 1282 443 quat-*reret
1304 417 1313 436 ‚
1343 397 1441 426 cum
1462 381 1515 427 de
1538 398 1581 427 re
1611 390 1726 426 tanta
1744 414 1754 434 ‚

386 469 518 515 quam
553 453 687 497 multa
717 451 803 495 diei
830 462 1004 513 possent
1028 451 1319 514 deberentque
1344 453 1538 499 nesciret.
1573 451 1656 497 Sed
1679 465 1755 510 ego

385 523 469 567 tibi
511 540 594 567 non
627 520 846 572 similiter,
890 531 935 565 ut
969 521 1132 565 solebat
1163 520 1260 575 ille2²
1287 539 1528 569 succenseo.
1563 525 1618 568 Es
1641 524 1757 568 enim

380 593 612 655 episcopus
638 591 783 636 multis
807 591 922 635 curis
951 601 1190 652 occupatus
1212 628 1221 645 ‚
1246 602 1292 636 ut
1312 610 1402 651 ego.
1434 593 1558 638 Unde
1579 610 1657 638 nec
1675 592 1755 638 tibi

378 661 505 708 facile
526 672 650 707 vacat
675 660 889 725 prolixum
924 660 1087 725 aliquid
1122 660 1283 719 legere,
1312 679 1389 707 nec
1419 663 1528 707 mihi
1547 663 1748 710 scribere.

379 734 490 779 Nam
512 733 583 779 ille
606 743 712 778 tunc
739 732 1003 786 adolescens,
1027 731 1104 795 qui
1135 731 1233 776 talia
1260 732 1447 777 breviter
1473 732 1648 778 nolebat
1682 749 1754 778 au-

375 804 468 850 dire
490 841 500 861 ,
528 814 569 849 et
602 804 655 849 de
680 803 827 848 multis
853 802 896 848 in
937 812 1083 847 nostra
1110 802 1470 847 sermocinatione
1491 803 1717 866 quaerebat
1740 840 1751 858 ,

378 875 435 921 ab
463 875 599 921 otioso
619 875 847 937 quaerebat
870 874 1046 920 otiosus.
1072 874 1139 918 Tu
1160 889 1260 918 vero
1287 873 1478 933 cogitans
1502 890 1642 929 nunc,
1657 875 1755 937 quis

374 956 417 992 et
438 963 459 991 a
486 962 573 1009 quo
597 946 677 991 ista
702 945 883 1004 flagites,
915 943 1099 990 breviter
1121 943 1174 989 de
1197 961 1241 988 re
1258 954 1376 988 tanta
1402 943 1662 1007 respondere
1686 960 1754 990 me

369 1016 514 1076 jubes.
542 1017 653 1062 Ecce
669 1015 784 1061 facio
800 1025 1012 1078 quantun]
1034 1031 1228 1078 possum,
1254 1013 1467 1059 Dominus
1490 1013 1684 1074 adijet,
1705 1023 1753 1060 ut

371 1086 492 1148 quod
513 1086 706 1150 postulas
729 1086 907 1148 possim.

438 1159 516 1204 IX.
560 1158 728 1220 Nempe
769 1173 884 1220 saepe
923 1156 980 1201 ita
1011 1155 1262 1220 loquimur,
1289 1166 1337 1201 ut
1368 1155 1537 1202 Pascha
1560 1156 1750 1220 propin-

367 1241 530 1295 quante
548 1230 762 1284 dicamus,
791 1229 1025 1275 crastinam
1049 1229 1116 1274 vel
1140 1228 1423 1292 perendinam
1446 1230 1623 1275 Domini
1647 1246 1750 1293 pas-

369 1303 530 1349 sionem
548 1341 559 1358 ,
593 1319 692 1348 cum
715 1301 785 1347 ille
805 1312 901 1347 ante
928 1311 1010 1346 tam
1039 1301 1198 1347 multos
1226 1317 1360 1346 annos
1387 1317 1537 1363 passus
1559 1300 1642 1348 sit.
1670 1317 1750 1347 nec

372 1374 550 1420 omnino
574 1373 654 1420 nisi
677 1372 806 1418 semel
842 1371 915 1417 illa
944 1372 1086 1435 passio
1121 1370 1237 1417 facta
1261 1370 1327 1418 sit.
1368 1372 1535 1435 Nempe
1563 1371 1658 1434 ipso
1680 1370 1750 1416 die

370 1443 592 1490 dominico
615 1443 827 1499 dicimus,
856 1442 997 1487 Hodie
1028 1442 1243 1488 Dominus
1271 1442 1528 1495 resurrexim
1565 1459 1667 1488 cum
1701 1458 1749 1487 ex

367 1530 456 1579 quo
480 1514 706 1561 resurrexit
726 1524 789 1559 tot
813 1513 913 1559 anni
930 1513 1189 1559 transierint.
1218 1513 1308 1558 Cur
1321 1529 1447 1558 nemo
1464 1523 1555 1558 tam
1573 1512 1748 1576 ineptus

369 1596 457 1642 est,
484 1596 533 1631 ut
556 1603 633 1631 nos
658 1585 718 1630 ita
745 1584 968 1647 loquentes
991 1583 1145 1643 arguat
1172 1599 1257 1628 esse
1284 1583 1513 1639 mentitos,
1540 1581 1620 1628 nisi
1642 1582 1747 1646 quia

368 1655 472 1701 istos
496 1656 585 1701 dies
605 1653 845 1700 secundum
866 1653 1038 1699 illorum
1055 1690 1065 1710 ‚
1096 1653 1258 1716 quibus
1278 1652 1377 1699 haec
1401 1664 1515 1713 gesta
1540 1664 1658 1710 sunt,
1683 1652 1745 1699 si-

364 1725 659 1772 militudinem
684 1741 992 1788 nuncupamus
1010 1762 1021 1780 ,
1051 1734 1097 1770 ut
1124 1724 1296 1770 (licatur
1315 1724 1408 1787 ipse
1429 1723 1519 1769 dies
1547 1723 1623 1787 qui
1656 1739 1743 1769 non

364 1808 427 1843 est
445 1797 535 1861 ipse
554 1834 564 1853 ‚
589 1796 662 1842 sed
690 1796 957 1842 revolutione
980 1796 1186 1859 temporis
1202 1795 1351 1841 similis
1370 1798 1460 1855 ejus
1478 1812 1488 1840 :
1509 1805 1551 1841 et
1568 1794 1744 1841 dicatur

364 1867 441 1914 illo
465 1867 535 1913 die
552 1868 658 1922 fieri,
672 1867 1121 1931 proptersacramenti
1142 1866 1475 1912 celebrationem
1490 1904 1500 1923 ‚
1523 1865 1642 1930 quod
1654 1883 1743 1912 non

376 1939 452 1986 illo
472 1939 564 1994 die,
596 1939 667 1984 sed
697 1943 789 1998 jam
824 1939 927 1984 olim
951 1938 1118 1984 farctum
1143 1940 1242 1983 est?
1268 1938 1420 1983 Nonne
1444 1936 1750 1983 semelimmo-

372 2009 485 2055 latus
503 2020 565 2055 est
580 2009 780 2055 Christus
802 2008 844 2054 in
871 2010 1008 2072 seipso
1023 2008 1060 2065 1,
1084 2019 1125 2054 et
1145 2018 1286 2053 tamen
1311 2008 1355 2053 in
1374 2018 1643 2054 sacramento
1663 2025 1751 2054 non

376 2080 516 2127 solum
536 2097 614 2144 per
634 2097 780 2125 omnes
802 2080 984 2125 Paschae
1011 2079 1315 2133 solemnitatss‚
1345 2078 1416 2124 sed
1443 2078 1560 2125 omni
1581 2078 1650 2125 die
1668 2095 1752 2142 po-

376 2151 494 2215 pulis
519 2150 798 2205 immolatur,
831 2167 909 2195 nec
935 2152 1084 2213 utique
1119 2149 1330 2195 mentitur
1355 2149 1429 2212 qui
1465 2149 1754 2209 interrogatus

378 2238 477 2268 eum
502 2220 772 2284 responderit
803 2220 1052 2266 immolari?
1083 2220 1126 2265 Si
1156 2219 1268 2265 enim
1308 2229 1575 2266 sacramenta
1595 2235 1755 2283 quam-

380 2292 483 2338 dam
520 2290 849 2337 similitudinem
883 2308 1030 2336 earum
1067 2307 1210 2336 rerum
1236 2326 1246 2345 ‚
1274 2306 1463 2352 quarum
1489 2299 1756 2336 sacramenta

381 2373 500 2418 sunt,
529 2379 615 2408 non
638 2362 874 2416 haberent,
899 2362 1080 2407 omnino
1107 2370 1376 2407 sacramenta
1403 2378 1490 2406 non
1514 2371 1663 2407 essent.
1696 2360 1757 2405 Ex

381 2433 471 2480 hac
491 2443 632 2479 autern
659 2432 941 2479 similitudine
965 2432 1223 2497 plerumque
1241 2430 1371 2476 etiam
1395 2430 1588 2494 ipsarum
1613 2447 1758 2478 rerum

382 2504 560 2552 nomina
589 2504 830 2570 accipiunt.
863 2504 988 2551 Sicut
1015 2521 1116 2565 ergo
1139 2502 1380 2550 secundum
1406 2502 1638 2566 quemdam
1667 2517 1758 2548 mo-

383 2576 490 2624 dum
526 2585 843 2623 sacramentum
882 2575 1078 2641 corporis
1111 2573 1276 2623 Christi
1318 2589 1476 2638 corpus
1504 2572 1669 2622 Christi
1697 2583 1759 2620 est

430 2658 440 2683 Ι
462 2658 545 2692 Beda
562 2658 705 2702 vulgatus
722 2661 817 2693 Rom.
838 2671 882 2693 vx,
