1902 3268
628 283 983 319 Ait-nonnosus.
1405 279 1492 344 557

124 344 149 394 J
157 364 230 396 un,
256 358 497 414 petuntque
514 360 562 397 ut
579 362 760 399 cunctos
776 353 852 417 qui
876 364 1082 401 venerant
1105 355 1249 404 adesse
1275 358 1497 409 collationi

125 419 357 484 praecipiat
374 420 668 469 Marcellinus.

482 584 738 615 ΑΝΝοτΑτιο
774 570 875 632 (60)
911 588 1009 635 pag.
1052 575 1159 630 465.

192 704 244 750 In
266 704 456 750 Africam
474 722 521 751 ex
550 705 680 752 Urbis
698 707 865 754 excidio
885 708 1053 769 fugerat
1071 711 1217 758 Proba
1244 715 1501 773 cognomine

126 773 351 830 Pakonia,
392 775 530 821 Probi
565 776 768 823 Praefecti
807 778 1020 824 Praetorio
1056 790 1098 824 et
1126 797 1195 826 an.
1234 782 1341 845 37¹·
1379 783 1501 830 Con-

125 843 228 891 sulis
254 843 464 890 ordinarii
502 849 660 906 conjux
678 883 689 902 ‚
734 847 829 893 avia
869 847 1160 895 Demetriadis
1192 851 1368 912 virginis
1390 891 1400 910 ‚
1428 854 1500 919 ip-

124 916 297 979 siusque
333 916 480 962 matris
517 916 704 963 Julianae
737 934 824 962 non
863 934 961 964 vere
984 930 1146 977 mater,
1186 921 1259 968 sed
1283 939 1429 970 socrus
1454 943 1502 972 ex

127 985 368 1046 Augustino
389 986 434 1032 in
468 985 547 1033 lib.
581 986 635 1032 de
660 986 779 1033 bono
810 987 1036 1035 viduitatis
1067 1007 1108 1036 c.
1154 1008 1223 1054 ¹9·
1254 1010 1422 1041 necnon
1454 1013 1502 1042 ex

126 1056 395 1120 Hieronymo
434 1056 479 1102 in
512 1057 650 1120 Epist.
691 1058 735 1105 8.
782 1058 837 1104 ad
880 1059 1229 1118 Demetriadem,
1269 1064 1345 1110 ubi
1385 1065 1501 1113 lianc

127 1127 303 1174 Olibrio
326 1127 485 1173 Probae
509 1127 599 1173 filio
633 1138 778 1174 natam
810 1146 895 1175 esse
920 1130 1133 1190 significat
1157 1150 1167 1177 :
1194 1133 1379 1181 subinde
1405 1154 1503 1182 vero

128 1215 258 1258 genus
283 1203 373 1258 ejus
397 1197 672 1261 amplissimis
705 1198 914 1245 laudibus
936 1213 1190 1264 prosecutus
1221 1204 1306 1256 ait,
1341 1209 1502 1253 Proba

128 1269 212 1314 illa
251 1270 464 1314 omnium
504 1268 792 1331 dignitatum
836 1282 881 1316 et
923 1283 1105 1318 cunctae
1146 1275 1407 1322 nobilitante
1453 1283 1501 1324 itz

128 1340 241 1385 orbe
275 1344 490 1385 Romano
515 1356 686 1386 nomen
714 1341 941 1387 illustrius
970 1360 981 1386 :
1018 1343 1156 1406 cujus
1195 1349 1423 1393 sanctitas
1461 1360 1508 1394 ec

129 1413 177 1456 in
221 1415 453 1457 universos
480 1413 635 1475 effusa
674 1411 858 1458 bonitas
875 1449 887 1469 ,
922 1415 1064 1459 etiam
1105 1416 1240 1478 apud
1279 1417 1505 1465 barbaros

128 1481 413 1527 venerabilis
427 1485 560 1541 sm't,·
596 1499 740 1545 quam
782 1488 922 1528 trium
965 1485 1221 1531 liberorum
1275 1490 1466 1535 Probini
1489 1529 1500 1547 ‚

134 1551 327 1607 olibrii,
376 1563 421 1597 et
462 1552 611 1599 Probe·
647 1570 738 1598 leon
772 1553 1039 1615 sc'ztigamnc
1084 1554 1313 1603 ordinarie·
1344 1577 1508 1607 consu.

132 1622 256 1668 latus
270 1660 282 1679 ‚
304 1632 386 1670 etc.

490 1773 747 1803 ΑΝΝΟΤΑΤΙΟ
785 1758 883 1819 (tii)
920 1774 1020 1821 pag.
1062 1759 1171 1822 490.

200 1889 459 1937 Volusianus
472 1887 868 1947 Melaniaejunioris
888 1888 1129 1935 avunculus
1147 1889 1275 1936 fuisse
1293 1893 1502 1952 creditur,

134 1960 180 2008 id
203 1971 282 2016 est,
312 1960 448 2023 ipsius
471 1959 618 2004 matris
643 1959 816 2004 Albinae
841 1957 973 2004 frater
996 1976 1007 2004 ι
1034 1970 1280 2007 nouantem
1303 1975 1503 2026 patrum,

135 2033 241 2096 quia
261 2029 489 2077 Publicola
524 2028 723 2074 Melaniae
754 2028 946 2089 ejusdem
975 2040 1096 2093 pater
1120 2030 1295 2077 fratrem
1316 2050 1403 2080 non
1428 2036 1505 2083 ha-

135 2103 234 2149 buit
252 2101 523 2165 superstitem
543 2136 553 2156 ,
580 2116 628 2144 ex
648 2099 788 2162 Epist.
818 2102 893 2161 94.
928 2100 1210 2163 Quapropter
1237 2108 1372 2161 §fit-02,
1403 2123 1506 2169 quae

134 2191 214 2221 vox
238 2173 288 2219 ad
314 2183 520 2235 patruum
543 2180 582 2215 et
602 2169 867 2216 avunculum
887 2171 1131 2216 communis
1153 2182 1214 2216 est
1230 2208 1240 2223 ,
1271 2189 1359 2219 non
1394 2175 1505 2224 bene

138 2245 194 2290 ab
220 2244 451 2305 interprete
468 2242 652 2286 vertitur
670 2277 680 2296 ‚
701 2252 922 2303 patruus,
944 2250 1035 2285 tum
1057 2241 1175 2303 apud
1198 2241 1404 2290 Photium
1423 2248 1499 2296 53,

139 2326 230 2360 tum
258 2311 377 2376 apud
399 2310 736 2374 metaphrasten]
758 2310 799 2354 in
830 2309 1026 2355 Melaniae
1044 2310 1146 2357 vita.
1173 2311 1328 2358 Extant
1352 2316 1506 2364 Rutilii

138 2384 192 2431 de
213 2383 362 2430 eodem
385 2419 396 2437 ‚
439 2390 489 2426 ut
525 2390 700 2443 putant,
727 2379 960 2425 Volusiano
987 2396 1131 2425 versus
1152 2417 1163 2438 ‚
1190 2382 1352 2444 quibus
1386 2385 1507 2434 hunc

139 2452 417 2502 Proconsulis
443 2450 601 2497 Africae
621 2466 779 2495 munus
803 2449 1049 2495 sustinuisse
1074 2451 1215 2497 docet.
1247 2456 1381 2501 Porro
1412 2458 1508 2504 Me-

138 2524 268 2573 lanioe
300 2523 440 2586 neptis
465 2532 507 2568 et
526 2519 672 2566 Procli
692 2519 1164 2584 Constantinopolitani
1186 2521 1380 2587 episcopi
1404 2543 1509 2574 cura

139 2594 424 2645 Volusianum
472 2591 526 2638 ad
573 2590 866 2638 Christianam
915 2589 1164 2651 religionem
1215 2595 1507 2656 profitendam
