1902 3268
353 329 443 391 392
776 348 810 377 s.
855 347 1099 380 AUGUSTINI
1135 349 1338 381 EPISCOPI

356 421 444 456 tare
470 429 556 458 non
581 428 832 475 possumuS,
856 414 1094 479 nisialiqua
1118 416 1228 461 sorte
1248 417 1375 463 nobis
1402 418 1606 466 foeminea
1629 436 1731 465 cor-

351 499 458 545 pora
482 482 630 542 gentili
656 482 848 528 vanitate
872 484 1111 543 fingamus3
1139 486 1196 532 ita
1227 497 1269 532 et
1303 489 1440 535 Deum
1467 490 1556 536 sine
1587 490 1731 554 aliqua

351 554 597 620 phantasiae
611 553 886 599 simulatione
903 555 946 600 in
962 567 1177 619 quantum
1192 574 1418 619 possumus
1429 561 1726 620 cogitandum.

353 623 466 670 Mihi
488 635 632 669 autem
648 661 657 679 ‚
685 624 760 688 qui
785 624 1070 671 subtilitatem
1095 626 1405 690 disputationis
1441 630 1593 692 tepido
1628 650 1734 694 per-

350 693 492 756 cipere
516 694 754 740 admodum
777 694 908 741 corde
939 697 1007 742 vix
1040 715 1242 760 possum,
1268 697 1503 745 videbatur
1526 700 1639 746 nihil
1663 702 1734 748 vi-

347 782 451 811 vum
476 766 713 812 secundum
733 766 1016 813 substantiam
1047 771 1182 813 inesse
1203 768 1410 827 justitiae‚
1437 769 1623 834 ideoque
1647 789 1735 817 non

347 854 525 901 possum
551 837 699 883 adhuc
720 839 886 895 Deum,
907 839 951 884 id
974 849 1035 885 est
1052 839 1285 895 viventem,
1310 851 1528 898 naturam,
1555 843 1737 902 justitiae

350 908 532 954 similem
559 909 781 968 cogitarej
806 910 908 973 quia
929 910 1098 970 justitia
1131 927 1217 955 non
1247 911 1291 956 in
1327 928 1393 968 se,
1432 912 1505 958 sed
1539 913 1581 958 in
1609 913 1737 959 nobis

351 978 483 1034 vivit3
509 979 596 1024 imo
621 978 766 1041 potius
789 996 877 1024 non
896 980 1136 1026 secundum
1160 981 1379 1041 justitiam
1399 982 1613 1037 vivimus,
1639 984 1738 1047 ipsa

350 1066 454 1095 vero
472 1049 641 1109 justitia
661 1066 738 1113 per
756 1066 797 1094 se
818 1066 1092 1114 nequaquam
1113 1051 1223 1097 vivit
1247 1052 1329 1097 nisi
1354 1052 1467 1098 forte
1488 1070 1575 1099 non
1604 1053 1739 1114 huJus

351 1121 561 1167 humanae
584 1120 801 1184 {equitatis
821 1157 831 1177 ,
854 1120 926 1167 sed
944 1121 1017 1167 illa
1037 1138 1137 1185 quae
1157 1123 1272 1168 Deus
1290 1133 1380 1180 est,
1410 1124 1500 1170 sola
1526 1135 1739 1172 asseratur

363 1210 450 1239 esse
470 1192 653 1252 justitia.
678 1213 698 1233 »

425 1263 501 1310 Vl.
537 1284 556 1303 «
578 1262 704 1309 Unde
724 1263 972 1309 confirmari
991 1280 1059 1309 me
1078 1281 1123 1309 ex
1145 1263 1607 1312 oininibusnonsolum
1628 1282 1740 1330 prae-

358 1335 551 1381 sentibus
570 1334 712 1381 verbis
728 1372 738 1392 ‚
760 1335 834 1381 sed
857 1336 985 1382 etiam
1004 1335 1191 1399 pleniori
1215 1336 1399 1399 epistola
1420 1337 1564 1385 velim.
1591 1338 1742 1401 Neque

359 1406 472 1451 enim
495 1406 556 1452 fas
581 1416 656 1464 est,
672 1416 719 1451 ut
736 1405 872 1452 nostri
890 1417 1061 1452 tantum
1085 1406 1216 1470 pedes
1243 1407 1299 1452 ab
1320 1407 1424 1465 ista,
1446 1408 1491 1454 in
1511 1425 1598 1473 qua
1614 1407 1741 1454 multi

359 1477 648 1537 ingredimur,
694 1477 849 1523 erroris
887 1477 981 1534 via,
1013 1488 1054 1522 te
1085 1489 1289 1524 monente
1321 1490 1592 1526 revocentur.
1626 1480 1740 1525 Cum

361 1548 476 1593 enim
512 1548 639 1594 multi
672 1548 717 1594 in
748 1548 831 1594 illis
865 1549 910 1594 in
936 1548 1098 1612 quibus
1130 1549 1381 1595 habitamus
1417 1550 1597 1606 insulis,
1633 1549 1741 1596 dum

361 1630 481 1665 recto
511 1619 565 1665 ad
585 1619 697 1665 viam
719 1630 908 1683 pergunt
926 1637 1101 1680 aggere,
1129 1620 1175 1665 in
1200 1621 1419 1666 tramitem
1447 1621 1632 1667 tortuosi
1648 1621 1740 1667 hu·-

355 1694 428 1750 jus
471 1689 626 1735 erroris
656 1690 943 1745 incurrerint,
977 1689 1133 1735 erit—ne
1167 1690 1323 1753 aliquis
1352 1690 1443 1737 illic
1481 1692 1745 1752 Augustinus

366 1765 489 1821 cujus
516 1761 765 1807 auctoritati
792 1761 970 1815 cedant,
995 1761 1121 1823 cujus
1147 1760 1360 1807 doctrinae
1388 1762 1592 1819 credant,
1621 1767 1747 1823 cujus

364 1833 535 1893 ingenio
560 1836 850 1896 superantur?
880 1836 946 1879 An
968 1832 1081 1878 forte
1099 1850 1147 1877 ex
1171 1832 1247 1878 illo
1280 1834 1556 1896 paternitatis
1587 1835 1744 1880 affectu

363 1903 500 1949 mavis
532 1921 598 1949 me
630 1903 803 1949 occulta
836 1902 1178 1950 commonitione
1207 1902 1415 1964 dirigere,
1455 1921 1589 1968 quam
1628 1904 1747 1950 velut

364 1975 566 2021 comitem
585 1974 710 2038 pravi
728 1974 912 2031 itineris,
933 1974 1193 2038 increpare?
1217 1973 1301 2020 Sed
1321 1974 1431 2020 mihi
1453 1992 1536 2038 pro
1561 1974 1747 2020 utilitate

365 2045 547 2102 animae,
577 2045 711 2105 magis
733 2062 865 2109 quam
892 2062 973 2109 pro
1005 2043 1154 2091 saeculi
1176 2043 1304 2091 laude
1323 2061 1497 2091 currere
1516 2046 1742 2109 cupienti,

364 2133 453 2161 non
475 2127 536 2161 est
556 2115 720 2161 inutilis
738 2153 748 2171 ,
778 2133 828 2162 ac
854 2115 1037 2179 proinde
1063 2114 1193 2161 etiam
1223 2132 1312 2160 non
1342 2133 1486 2162 amara
1523 2115 1746 2176 coargutio

365 2198 439 2233 tua
464 2205 474 2232 :
504 2187 684 2233 maxime
714 2203 815 2233 cum
854 2194 897 2232 et
933 2186 1045 2232 mihi
1078 2197 1121 2232 et
1154 2187 1322 2232 caeteris
1341 2186 1475 2233 vitam
1494 2187 1624 2234 simul
1645 2187 1747 2233 lau-

366 2259 551 2324 demque
584 2259 780 2323 paritura
809 2258 876 2306 sit.
904 2260 1044 2306 Nemo
1068 2257 1281 2323 siquidem
1305 2269 1395 2304 tam
1418 2259 1605 2319 injustus
1628 2276 1715 2305 esse
1732 2296 1744 2315 ,

369 2341 416 2376 ut
440 2331 647 2386 arbitror,
679 2340 846 2395 potest,
873 2329 950 2395 qui
974 2347 1042 2376 me
1069 2347 1116 2375 ex
1141 2346 1191 2375 eo
1213 2329 1336 2394 quod
1364 2329 1600 2393 aliquando
1624 2329 1750 2376 devia

366 2419 460 2448 sum
484 2412 680 2460 secutus,
701 2402 899 2448 stultitiae
921 2402 1127 2448 denotare
1152 2400 1301 2457 malit,
1326 2418 1459 2464 quam
1482 2419 1529 2448 ex
1560 2419 1610 2448 eo
1627 2400 1748 2466 quod

367 2483 481 2518 recta
526 2472 756 2534 delegerim
798 2473 1040 2537 prudenter
1074 2476 1092 2533 j
1101 2471 1275 2518 udicare
1311 2481 1556 2519 cunctetur.
1599 2473 1750 2536 Neque

365 2543 480 2589 enim
512 2543 633 2590 stulti
664 2544 910 2591 aestimandi
946 2554 1071 2596 sunt,
1100 2561 1209 2608 quos
1234 2541 1399 2588 Paulus
1423 2542 1643 2606 apostolus
1661 2578 1673 2599 ‚
1696 2559 1750 2588 ne

367 2613 412 2659 in
428 2613 644 2660 incertum
663 2625 887 2661 currerent
905 2614 1171 2661 admonebat
1189 2613 1337 2659 dicens
1357 2629 1366 2658 :
1395 2634 1414 2655 «
1433 2611 1506 2658 Sic
1520 2612 1682 2659 currite
1700 2622 1750 2658 ut
