1902 3268
662 262 873 293 EPISTOLA
910 263 978 293 cv.
1431 251 1522 298 305

213 327 268 374 X.
302 325 370 374 Ad
392 326 726 374 Constantinum
753 337 893 372 autem
911 364 922 383 ‚
949 327 1060 373 sicut
1088 327 1272 375 diximus
1291 368 1300 383 ‚
1328 332 1523 378 sicutvo-

148 399 216 445 bis
236 397 414 462 quando
438 397 593 454 vultis,
623 398 657 444 si
677 409 823 444 tamen
849 398 1056 458 ignoratis
1081 436 1092 455 ‚
1115 400 1380 446 ostendimus
1399 438 1409 456 ‚
1429 419 1523 447 ma—

142 472 257 528 jores
277 468 403 514 vestri
421 484 593 515 causam
612 467 837 514 Caeciliani
858 467 972 514 ultro
990 466 1254 517 detulerunt.
1282 469 1523 516 Defunctus

147 549 210 584 est
240 539 579 596 Constantinus,
609 538 681 585 sed
708 538 929 599 judicium
965 541 1238 586 Constantini
1264 552 1415 587 contra
1448 558 1525 587 vos

148 608 255 655 vivit
275 646 286 665 ‚
322 626 411 673 quo
436 611 562 656 vestri
588 626 764 655 causam
798 610 1032 665 miserunt,
1061 610 1180 674 apud
1205 629 1333 674 quem
1356 610 1524 671 judices

148 679 376 743 episcopos
403 679 805 744 reprehenderunt,
831 679 886 724 ad
905 696 1037 743 quem
1057 697 1079 724 a
1103 680 1334 739 judicibus
1353 681 1525 745 episco-

146 749 216 812 pis
236 749 598 813 appellaverunt,
629 768 757 814 quem
783 750 1080 796 taediosissime
1104 749 1158 796 de
1182 750 1322 797 Felice
1347 754 1526 814 Aptun-

147 819 294 878 gitano
313 820 701 884 interpellaverunt
723 857 734 876 ,
769 839 791 866 a
822 836 910 883 quo
938 819 1061 865 toties
1085 821 1276 866 convicti
1294 831 1335 866 et
1357 820 1527 867 confusi

146 889 400 946 redierunt,
437 903 480 938 et
502 909 526 937 a
551 892 746 955 pernicie
767 891 927 936 furoris
948 902 988 935 et
1007 891 1290 937 animositatis
1319 909 1410 938 suae
1438 909 1527 938 non

146 972 440 1019 recesserunt,
479 978 664 1025 eamque
707 961 834 1008 vobis
866 962 1048 1024 posteris
1084 962 1169 1007 suis
1201 962 1524 1008 haereditariam

145 1028 436 1093 reliquerunt,
466 1042 514 1078 ut
536 1042 624 1078 tarn
643 1031 925 1095 impudenter
948 1031 1288 1091 dejussionibus
1316 1033 1527 1079 christia-

145 1116 304 1146 norum
331 1102 655 1166 Imperatorum
673 1101 842 1147 faciatis
865 1101 1075 1147 invidiam
1100 1139 1111 1158 ,
1144 1120 1242 1148 cum
1261 1104 1294 1148 si
1321 1104 1445 1150 vobis
1466 1104 1527 1150 li-

146 1182 262 1217 ceret
276 1209 288 1228 ‚
314 1189 403 1218 non
421 1172 600 1236 quidem
614 1176 707 1233 jam
728 1173 1064 1218 Constantinum
1085 1172 1404 1230 Christianum,
1423 1175 1527 1238 quia

147 1242 319 1288 veritati
354 1242 461 1290 favit
491 1253 643 1289 contra
676 1259 753 1288 nos
774 1243 1135 1306 interpellaretis,
1174 1242 1246 1288 sed
1286 1254 1527 1307 apostatam

148 1311 371 1359 sulianum
393 1313 450 1359 ab
469 1313 616 1360 inferis
638 1312 904 1366 excitareti53
927 1314 1050 1376 quasi
1072 1329 1174 1359 vero
1195 1313 1230 1358 si
1257 1313 1423 1377 aliquid
1443 1315 1529 1360 tale

146 1382 416 1442 contingeret
434 1420 446 1441 ‚
486 1400 573 1429 esse
599 1399 808 1443 maguum
847 1383 1011 1429 malum
1049 1382 1133 1428 nisi
1155 1383 1295 1430 vobis.
1328 1384 1442 1442 Quae
1465 1395 1529 1431 est

145 1451 259 1497 enim
284 1456 413 1516 pej0r
431 1470 546 1499 mors
567 1453 743 1510 animae,
769 1469 902 1517 quam
923 1453 1100 1498 libertas
1123 1453 1307 1499 erroris?

210 1523 290 1570 XI.
320 1524 403 1571 Sed
417 1528 511 1586 jam
543 1523 750 1570 tollamus
773 1524 854 1571 ista
876 1524 1022 1571 omnia
1051 1523 1105 1570 de
1131 1524 1302 1581 medio,
1336 1542 1531 1573 amemus

143 1609 298 1656 pacem
317 1631 329 1651 ‚
350 1611 483 1658 quam
504 1596 644 1641 omnis
664 1594 822 1641 doctus
843 1606 884 1642 et
901 1594 1106 1641 indoctus
1128 1594 1330 1655 intelligit
1350 1613 1530 1660 praepo·

143 1663 335 1710 nendam
357 1682 444 1712 esse
469 1663 726 1722 discordiae3
751 1665 981 1727 diligamus
996 1676 1039 1712 et
1058 1676 1280 1712 teneamus
1298 1668 1526 1715 unitatem.

146 1734 244 1782 Hoc
261 1735 423 1795 jubent
456 1738 745 1801 Imperatores
764 1773 776 1794 ,
804 1737 926 1802 quod
943 1737 1074 1798 jubet
1093 1748 1136 1784 et
1165 1736 1400 1792 Christus;
1424 1739 1531 1802 quia

146 1822 248 1852 cum
273 1807 442 1854 bonum
470 1809 658 1868 jubent,
695 1825 774 1872 per
805 1808 902 1854 illos
932 1825 1019 1854 non
1037 1807 1167 1869 Jubet
1198 1807 1278 1853 nisi
1305 1807 1525 1855 Christus.

148 1876 204 1922 Et
223 1894 301 1924 nos
323 1878 450 1924 etiam
472 1895 553 1942 per
577 1878 837 1942 Apostolum
863 1879 1092 1935 obsecrat,
1125 1877 1379 1941 utidipsum
1401 1878 1530 1925 dica-

145 1963 243 1994 mus
261 1965 427 2006 omnes,
448 1960 490 1994 et
513 1965 604 1995 non
625 1949 773 1995 sintin
799 1949 928 1995 nobis
952 1949 1186 1995 schismata
1202 1984 1214 2005 ‚
1240 1965 1379 2012 neque
1401 1949 1529 1996 dica-

145 2033 242 2064 mus
260 2056 271 2075 ‚
295 2041 317 2063 «
338 2020 431 2080 Ego
450 2018 628 2083 quidem
653 2035 748 2065 sum
769 2019 897 2065 Pauli
916 2057 926 2073 ‚
954 2036 1032 2079 ego
1064 2028 1208 2064 autem
1234 2018 1394 2081 Apollo
1416 2057 1428 2075 ‚
1451 2038 1533 2081 ego

147 2108 168 2130 ›>
187 2105 288 2135 vero
313 2088 480 2152 Cephae
499 2126 510 2145 ‚
540 2105 617 2148 ego
644 2099 788 2135 autem
821 2089 988 2135 Christi
1004 2088 1022 2118 1
1044 2109 1055 2143 ;
1077 2110 1097 2130 ›>
1121 2087 1197 2134 sed
1224 2087 1353 2134 simul
1383 2106 1535 2136 omnes

146 2175 233 2204 non
274 2159 407 2204 simus
440 2158 523 2205 nisi
549 2158 742 2215 Christi,
784 2160 888 2222 quia
911 2176 992 2205 nec
1014 2158 1177 2205 divisus
1206 2169 1268 2204 est
1293 2159 1494 2205 Christus
1515 2197 1531 2216 ,

145 2245 226 2273 nec
249 2227 412 2274 Paulus
438 2228 670 2274 crucifixus
706 2239 769 2274 est
792 2246 875 2291 pro
897 2229 1026 2274 nobis
1046 2249 1056 2282 3
1094 2238 1261 2291 quanto
1288 2229 1431 2273 minus
1452 2230 1536 2274 Do»

146 2301 302 2344 natus?
318 2315 397 2344 nec
411 2298 641 2344 innomine
659 2298 786 2345 Pauli
805 2299 1018 2362 baptizati
1034 2299 1167 2344 simus
1179 2317 1190 2351 ;
1204 2308 1371 2360 quanto
1388 2298 1534 2345 minus

147 2368 398 2414 inDonatiP
418 2368 515 2414 Hoc
534 2367 690 2413 dicunt
709 2379 749 2413 et
764 2368 1073 2431 Imperatores,
1092 2367 1195 2430 quia
1210 2367 1448 2414 Christiani
1462 2385 1532 2414 ca-

149 2437 304 2484 tholici
321 2448 449 2494 sunt,
474 2454 566 2484 non
587 2437 810 2484 idolorum
836 2438 973 2495 servi,
1006 2439 1121 2484 sicut
1143 2447 1282 2484 vester
1298 2437 1529 2493 Julianus;

146 2524 237 2554 non
252 2507 450 2554 haeretici
467 2544 480 2564 ,
503 2507 618 2555 sicut
636 2506 817 2571 quidam
837 2508 1035 2564 fuerunt,
1052 2518 1095 2554 et
1118 2506 1357 2554 Ecclesiam
1377 2508 1533 2555 catho-

198 2592 209 2614 Ι
234 2602 244 2621 1
266 2592 343 2623 Cor.
365 2602 395 2629 ι,
412 2601 462 2625 xo,

280 2661 422 2693 CXLVI.
1350 2661 1409 2693 20
