1902 3268
352 300 405 344 16
767 312 801 340 s.
851 308 1089 339 Auousrnx'i
1128 309 1329 339 EPISCOI‘l

343 376 461 441 quod
499 393 671 424 servum
695 375 802 432 Dei,
842 374 1046 421 Ecclesiae
1082 375 1221 421 filium
1245 411 1256 432 ‚
1289 375 1433 422 dicere
1466 375 1719 440 oportebat,

344 447 565 511 quidquid
584 447 711 492 nobis
729 463 828 492 cum
846 456 917 490 tua
943 446 1169 492 sanctitate
1188 446 1242 492 de
1266 446 1341 492 illo
1361 447 1452 492 fieri
1469 447 1718 510 placuisset,

343 518 389 564 id
428 537 469 564 sc
494 519 583 564 sine
618 518 756 563 dubio
789 527 1055 564 secuturum.
1103 517 1293 563 Proinde
1324 518 1512 581 petimus
1535 555 1544 573 ‚
1581 528 1621 563 et
1646 535 1724 580 per

344 589 602 634 charitatem
643 587 809 632 Christi
844 587 1122 632 obsecramus
1161 588 1438 649 prudentiam
1477 599 1595 633 tuam
1623 625 1633 642 ,
1675 599 1724 632 ut

344 659 541 705 omnium
565 675 666 722 quae
690 658 825 704 locuti
861 675 1008 704 sumus
1033 654 1278 703 memineris
1295 696 1305 715 ,
1334 670 1376 705 et
1401 659 1621 722 rescriptis
1641 658 1725 703 tuis

344 746 421 774 nos
440 729 648 775 laetifices.
677 729 899 774 Debemus
918 728 1033 774 enim
1057 745 1134 773 nos
1168 729 1379 774 firmiores
1398 730 1461 792 (si
1486 740 1630 775 tamen
1653 728 1725 773 in-

345 810 409 844 ter
442 811 571 857 ,tanta
618 800 903 845 tentationum
940 798 1134 861 pericula
1175 798 1318 844 dicere
1354 799 1442 844 hoc
1473 798 1724 844 audendum

344 869 435 932 est)
476 870 589 916 sicut
627 870 686 915 ait
725 869 960 933 Apostolus
993 869 1268 914 infirmorum
1307 886 1434 915 onera
1461 869 1666 914 sustinere
1686 867 1719 914 1.

348 941 498 986 Frater
523 940 784 986 Timotheus
811 940 908 986 ideo
937 956 1024 985 non
1049 939 1222 1002 scripsit
1245 939 1463 985 sanctitati
1490 949 1576 984 tuae
1593 976 1602 994 ‚
1625 938 1727 1001 quia

318 1020 321 1022 '
346 1011 492 1057 omnia
517 1027 616 1075 quae
640 1021 755 1071 gesta
793 1022 895 1056 sunt
915 1047 925 1066 ‚
960 1020 1132 1056 sanctus
1157 1010 1288 1055 frater
1316 1021 1414 1055 tuus
1445 1009 1719 1069 significavit.

348 1081 517 1127 Memor
536 1082 700 1137 nostri,
730 1081 776 1127 in
814 1082 1004 1127 Domino
1029 1079 1221 1140 glorieris
1242 1117 1252 1135 ‚
1280 1080 1455 1125 domine
1486 1078 1727 1125 beatissime

347 1162 389 1197 et
410 1152 715 1199 venerabiliter
739 1152 991 1198 charissime
1013 1161 1054 1196 et
1078 1151 1359 1196 sincerissime
1380 1149 1525 1197 frater.

349 1313 408 1325 m
418 1312 845 1324 §Mssmtwsszusmsmnm
854 1310 1654 1322 §.smus-mstmnxsmnzxmwssuxsvtmstst
1665 1309 1722 1320 nn

805 1411 1066 1454 EPls'sOLA
1100 1411 1236 1454 LXIII
1258 1410 1286 1452 ².

349 1524 523 1562 Domino
560 1522 810 1567 beatissimo,
841 1530 879 1559 et
914 1519 1155 1567 venerabili,
1194 1530 1232 1558 et
1262 1520 1519 1558 sincerissima
1545 1519 1734 1558 charitate

402 1584 681 1638 amplectendo
696 1583 809 1622 fratri
825 1591 862 1621 et
877 1581 1146 1620 consacerdoti
1164 1580 1333 1629 SEVERO,
1355 1591 1393 1619 ct
1407 1582 1476 1633 qui
1493 1590 1624 1619 tecum
1641 1589 1734 1619 sunt

402 1649 594 1688 fratribus
610 1677 619 1695 ‚
641 1647 910 1684 Aoousrixns2
945 1651 982 1680 et
1012 1642 1151 1681 fratres
1174 1642 1243 1693 qui
1265 1657 1424 1681 mecum
1445 1651 1558 1690 sunt,
1588 1644 1628 1681 in
1650 1642 1733 1680 Do-

401 1710 512 1748 mino
532 1708 714 1747 salutem.

351 1825 546 1867 Rursum
570 1821 622 1863 de
647 1820 870 1862 Timotheo
894 1818 971 1873 qui
993 1826 1225 1874 postquam
1245 1818 1440 1872 jurasset
1462 1831 1503 1856 sa
1529 1831 1554 1855 α
1578 1816 1734 1856 Severa

410 1907 500 1934 non
530 1902 801 1931 recessurum
821 1919 831 1938 ‚
866 1884 1099 1926 ordinatus
1125 1885 1267 1939 simma
1294 1884 1586 1925 subdiaconus
1613 1884 1733 1938 apud

409 1959 663 2001 Subscmam
689 1956 736 1995 in
771 1953 943 1994 dicecesi
978 1951 1252 2008 Hipponensi
1275 1967 1286 1992 :
1314 1952 1390 1991 hoo
1418 1961 1577 2007 praeter
1605 1965 1731 1991 suam

409 2027 682 2069 voluntatem
703 2025 874 2080 factum
907 2035 992 2061 esse
1029 2028 1211 2061 testatur
1253 2020 1552 2075 Augustinus;
1580 2018 1732 2059 Timo-

409 2095 558 2137 theam
581 2103 731 2133 lamen
753 2105 880 2143 quem
910 2088 968 2130 ad
1000 2088 1216 2130 Severum
1236 2087 1382 2128 redire
1404 2086 1568 2134 voluit,
1594 2085 1733 2127 decla-

410 2173 482 2204 rat
506 2160 676 2203 lectoris
707 2157 848 2215 officio
860 2158 966 2212 jam
993 2165 1096 2198 ante
1122 2155 1373 2210 praestitum
1397 2155 1482 2209 ipsi
1499 2155 1733 2210 juramen-

412 2230 738 2285 tum,fanctum
755 2225 885 2282 fuisse
901 2224 950 2263 in
967 2223 1155 2264 ecclesiis
1174 2222 1393 2263 dioeeeseos
1414 2221 1728 2277 HipponensiS‚

410 2298 601 2351 adeoque
622 2294 707 2337 sibi
724 2292 1053 2334 remittendum.

417 2422 453 2468 Ι.
489 2419 537 2465 S1
571 2416 715 2463 dicam
739 2452 750 2471 ,
778 2430 878 2477 quae
912 2429 980 2458 me
1014 2412 1108 2476 ipsa
1142 2428 1272 2456 causa
1313 2411 1428 2470 cogit
1453 2410 1624 2466 dicere,
1654 2410 1732 2455 ubi

351 2491 432 2538 erit
451 2485 699 2535 sollicitudo
723 2483 979 2530 charitatis?
1006 2482 1052 2527 Si
1080 2491 1220 2527 autem
1243 2498 1329 2526 non
1354 2480 1497 2526 dicam
1515 2518 1526 2536 ‚
1552 2479 1629 2526 ubi
1651 2480 1731 2525 erit

400 2591 410 2613 ι
429 2593 526 2621 Rom.
546 2600 598 2624 xv,
622 2598 650 2617 1.
667 2603 710 2610 —
724 2583 739 2605 2
755 2583 841 2617 Alias
861 2593 950 2615 ccxi..
978 2593 1049 2624 quae
1075 2588 1179 2614 amem
1206 2581 1248 2611 (33
1270 2587 1349 2618 erat,
1369 2592 1454 2613 nunc
1476 2582 1528 2613 ¹3·
1547 2598 1590 2605 -
1606 2580 1730 2622 Scripta

354 2647 450 2692 paulo
470 2650 537 2688 post
552 2641 760 2686 superiorem.
