1902 3268
335 289 428 336 516
758 301 793 329 s.
837 295 1081 328 At'GUSTm’t
1119 295 1321 326 eriscorl

335 370 470 424 dicta,
493 376 666 431 sperant
690 363 917 428 promissa,
933 363 1091 408 docent
1106 370 1343 424 praccepta.
1372 359 1562 406 Numero
1576 358 1715 419 exigui

335 457 414 504 per
445 437 657 484 mundum
693 433 1028 481 disseminantur
1046 468 1055 485 ,
1082 430 1267 493 populos
1289 429 1496 476 facilitate
1527 428 1717 475 mirabili

338 519 614 560 convertunt,
633 508 744 552 inter
764 503 962 550 inimicos
977 512 1203 561 augentur,
1216 501 1592 564 persecutionibus
1608 516 1716 546 cres-

340 590 464 636 cunt,
492 595 570 642 per
594 576 878 623 afflictionum
913 572 1129 632 angustias
1172 587 1307 635 usque
1330 571 1375 616 in
1413 582 1622 616 terrarum
1645 587 1718 616 ex-

342 663 480 697 trema
509 649 763 695 dilatantur.
794 647 854 690 Ex
880 642 1229 707 imperitissimis,
1259 659 1305 687 ex
1327 641 1643 702 abjectissimis,
1673 657 1720 685 ex

334 719 608 786 paucissimis
640 717 963 771 illuminantur,
1001 713 1312 768 nobilitantur,
1347 712 1718 776 multiplicantur,

336 790 667 858 przeclarissima
691 787 880 848 ingenia,
918 785 1156 831 cultissima
1182 784 1375 847 eloquia3
1417 782 1722 846 mirabilesque

335 863 512 928 peritias
537 872 764 908 acutorum
783 897 793 916 ,
835 857 1127 904 facundorum
1164 867 1294 919 atque
1315 855 1543 901 doctorum
1566 854 1724 913 subju-

341 945 445 995 gant
469 932 665 988 Christo,
698 941 739 977 et
767 930 820 976 ad
847 928 1175 993 praedicandam
1201 928 1316 974 viam
1348 926 1520 991 pietatis
1556 925 1725 971 salutis-

342 1022 425 1070 que
444 1012 718 1050 convertunt.
745 1000 932 1047 Alternis
948 999 1282 1045 adversitatilms
1298 1009 1339 1044 et
1359 995 1725 1062 prosperitatibus

340 1093 505 1132 rerum,
530 1073 781 1137 patientiam
811 1081 852 1116 et
873 1069 1205 1133 temperantiam
1226 1068 1455 1128 vigilanter
1492 1076 1688 1114 exercent
1711 1083 1721 1110 :

342 1146 510 1194 mundo
526 1144 770 1192 declinante
792 1143 837 1188 in
854 1151 1057 1190 extrema.
1091 1139 1293 1203 fessisque
1314 1140 1443 1185 rebus
1468 1150 1636 1185 aetatem
1654 1137 1727 1183 ul-

339 1219 490 1264 timam
511 1225 793 1280 protestante,
824 1211 963 1258 multo
993 1210 1213 1268 fidentius,
1238 1210 1343 1274 quia
1361 1221 1402 1256 et
1421 1210 1509 1256 hoc
1536 1208 1724 1274 praedic-

340 1300 432 1334 tum
459 1298 539 1343 est,
568 1298 775 1332 aeternam
793 1283 980 1329 civitatis
1004 1281 1190 1328 coelestis
1210 1281 1458 1328 felicitatem
1482 1290 1723 1345 expectant.

341 1362 484 1422 Atque
513 1358 623 1403 inter
648 1357 746 1402 haec
764 1354 909 1401 omnia
928 1364 1078 1400 contra
1107 1352 1346 1400 Ecclesiam
1371 1352 1535 1399 Christi
1563 1351 1730 1416 impia-

339 1447 438 1477 rum
480 1429 672 1490 gentium
694 1426 930 1473 infidelitas
953 1425 1098 1471 fremit
1121 1442 1131 1469 z
1156 1424 1319 1470 evincit
1351 1424 1424 1470 illa
1440 1423 1667 1488 patiendo,
1691 1433 1731 1468 et

343 1504 645 1550 inconcussam
690 1498 817 1544 fidem
857 1497 967 1543 inter
1008 1497 1311 1542 obsistentium
1353 1496 1560 1542 saevitiam
1591 1496 1732 1559 profi-

347 1572 494 1620 tendo.
522 1570 743 1617 Revelatae
776 1568 984 1619 veritatis,
1033 1585 1134 1631 quae
1171 1567 1248 1613 diu
1292 1566 1512 1630 promissis
1536 1566 1730 1629 mysticis

346 1644 603 1696 velabatur,
632 1639 846 1686 sacrificio
873 1638 1130 1684 succedente
1154 1675 1164 1693 ,
1209 1638 1281 1683 illa
1323 1637 1536 1683 sacrificia
1572 1636 1735 1700 quibus

349 1717 438 1763 hoc
456 1713 749 1774 figurabatur,
780 1710 933 1774 templi
970 1710 1105 1774 ipsius
1135 1709 1350 1755 eversione
1389 1707 1616 1754 tolluntur.
1653 1708 1736 1752 Re-

350 1786 493 1853 proba
528 1801 606 1848 per
642 1781 942 1828 infidelitatem
972 1798 1072 1840 gens
1109 1780 1202 1844 ipsa
1227 1779 1488 1825 Judaeorum
1516 1797 1537 1824 a
1563 1777 1738 1824 sedibus

354 1858 585 1921 extirpata,
614 1871 690 1918 per
712 1852 926 1899 mundum
950 1868 1260 1915 usquequaque
1282 1850 1542 1914 dipergitur‚
1572 1860 1620 1895 ut
1640 1847 1736 1894 ubi-

355 1947 440 1994 que
458 1936 602 1992 portet
622 1924 793 1971 codices
809 1934 996 1979 sanctos,
1021 1940 1069 1968 ac
1095 1923 1127 1968 si
1152 1921 1399 1985 prophetiae
1423 1920 1735 1974 testimonium,

357 2017 444 2064 qua
463 1997 663 2045 Christus
683 2006 725 2040 et
746 1994 936 2040 Ecclesia
959 1993 1254 2056 praenuntiata
1273 2002 1352 2048 est,
1380 2009 1433 2038 ne
1450 1991 1503 2037 ad
1525 2002 1695 2054 tempus
1718 2008 1740 2034 a

359 2069 487 2118 nobis
506 2069 656 2113 fictum
679 2065 1010 2118 existimaretur,
1050 2065 1106 2108 al)
1125 2063 1228 2126 ipsis
1253 2062 1507 2109 adversariis
1542 2062 1741 2126 profera-

364 2154 458 2196 tur3
486 2137 706 2185 ubietiam
729 2137 845 2199 ipsos
867 2134 1131 2199 praedictum
1154 2144 1316 2180 estnon
1335 2133 1464 2179 fuisse
1479 2133 1734 2179 credituros.

362 2211 547 2275 Templa
568 2219 609 2254 et
648 2206 854 2254 simulcra
889 2206 1159 2261 daemmmm,
1190 2206 1383 2267 ritusque
1407 2204 1602 2263 sacrilegi
1630 2219 1744 2266 pau-

361 2285 486 2332 latim
510 2293 640 2344 atque
671 2279 915 2326 alternatim
961 2277 1200 2323 secundum
1237 2275 1453 2339 praedicta
1483 2275 1744 2338 prophetica

362 2355 693 2401 subvertuntur.
735 2350 927 2395 Haereses
948 2348 1150 2394 adversus
1169 2364 1324 2393 nomen
1351 2346 1534 2399 Christi,
1556 2346 1638 2391 sul)
1666 2362 1745 2391 ve-

359 2427 550 2473 lamento
588 2433 731 2467 tamen
754 2420 940 2467 nominis
969 2419 1151 2476 Christi,
1186 2418 1241 2464 ad
1273 2417 1551 2463 exercendam
1577 2416 1746 2462 doctri-

361 2513 465 2543 nam
480 2506 642 2541 sanctae
662 2491 897 2552 religioniS,
924 2491 1036 2537 sicut
1052 2489 1360 2554 praenuntiatae
1376 2499 1491 2547 sunt,
1505 2487 1740 2551 pullulant.

363 2569 472 2614 Haec
516 2564 661 2610 omnia
703 2564 815 2609 sicut
865 2562 1070 2623 leguntur
1126 2560 1338 2625 przrdicta
1358 2598 1368 2617 ,
1410 2560 1468 2606 ita
1508 2569 1748 2604 cernuntur

358 2638 554 2703 impleta,
584 2645 712 2699 atque
755 2652 800 2681 ex
822 2634 893 2679 his
910 2637 1003 2694 jam
1047 2644 1109 2679 tot
1134 2645 1174 2679 et
1214 2632 1344 2678 tantis
1367 2648 1467 2695 quae
1494 2639 1655 2676 restant
1675 2646 1747 2675 ex—
