1902 3268
355 274 444 330 ³55,
778 289 815 319 s.
855 288 1101 320 Aucus'ssm
1136 285 1340 318 Emscom

349 355 526 403 credere
550 354 759 400 voluistis.
793 354 838 399 Si
866 355 1031 400 crimen
1057 353 1243 399 alienum
1281 370 1368 399 non
1398 364 1549 413 gravat
1578 370 1737 419 quem-

346 444 497 491 quam,
526 424 634 489 quid
660 425 844 487 pertinet
862 424 916 469 ad
939 425 1088 470 orbem
1117 435 1328 470 terrarum
1362 424 1478 487 quod
1507 424 1551 470 in
1588 424 1735 471 Africa

349 497 535 561 quisque
569 494 816 541 commisit?
859 494 905 539 Si
943 495 1110 540 crimen
1145 495 1416 555 incognitum
1457 511 1545 540 non
1584 505 1737 554 gravat

349 582 611 630 quemquam
634 564 748 610 unde
763 564 908 628 potuit
926 565 1045 610 orbis
1065 575 1276 611 terrarum
1292 582 1551 625 cognoscere
1567 565 1634 611 vel
1651 566 1734 611 cri-

349 635 662 695 nicnjudicum
686 634 751 680 vel
784 637 985 680 reorum?
1007 633 1203 680 Judicate
1222 636 1299 698 qui
1323 653 1399 680 cor
1421 634 1605 681 habetis.
1629 635 1737 681 Haec

347 717 411 752 est
433 706 635 752 haeretica
655 707 840 766 Justitia,
864 716 911 751 ut
935 705 1037 769 quia
1059 705 1177 750 orbis
1199 715 1411 750 terrarum
1444 722 1531 750 non
1558 704 1736 751 damnat

347 779 512 823 crimen
537 777 806 837 incognitum
830 794 930 840 pars
956 776 1109 822 Donati
1125 775 1303 821 damnet
1335 776 1487 820 orbem
1526 786 1737 821 terrarum

350 848 613 895 inauditum.
661 848 744 893 Sed
780 865 880 893 sane
905 847 1063 893 sullicit
1102 847 1199 892 orbi
1230 858 1440 892 terrarum
1466 856 1607 892 tenere
1631 864 1738 909 pro-

351 919 570 965 missiones
598 919 694 968 Dei.
728 919 837 965 etin
864 935 905 965 se
934 918 1078 964 videre
1105 917 1316 981 compleri
1356 915 1475 980 quod
1499 916 1739 980 Prophetae

350 1000 472 1035 tanto
509 1000 607 1036 ante
636 990 926 1044 '‘cecinerunt3
955 990 998 1035 in
1032 988 1193 1034 eisdem
1232 986 1474 1050 Scripturis
1511 1004 1739 1048 agnoscere

354 1060 611 1115 Ecclesiam,
631 1061 707 1106 ubi
733 1071 774 1106 et
803 1078 870 1106 rex
891 1062 983 1119 qius
1002 1058 1206 1104 Christus
1225 1057 1489 1118 agnoscitur.
1518 1057 1604 1103 Ubi
1623 1057 1738 1103 enim

349 1130 403 1176 de
423 1132 598 1176 Christo
623 1131 725 1177 talia
741 1130 954 1193 praedicta
974 1139 1091 1184 sunt,
1108 1129 1254 1192 qualia
1273 1128 1493 1191 completa
1516 1128 1562 1174 in
1587 1129 1738 1174 Evan-

357 1201 466 1261 gelio
489 1201 688 1261 legimus,
709 1201 800 1247 illic
816 1200 1034 1265 prr-edicta
1050 1210 1151 1245 sunt
1168 1198 1222 1244 dc
1236 1198 1446 1253 Ecclesia,
1468 1198 1614 1262 qualia
1625 1215 1742 1245 com-

355 1272 460 1335 pleri
480 1283 570 1318 toto
595 1273 701 1318 orbe
721 1270 812 1332 jinn
837 1273 1070 1318 cernimus.

420 1343 469 1391 V.
500 1345 587 1389 Msi
601 1343 712 1390 forte
727 1361 991 1409 quemquam
1009 1341 1295 1407 prudentium
1308 1340 1602 1405 permovebit,
1620 1340 1741 1405 quod

353 1412 407 1459 de
433 1415 653 1477 baptismo
674 1415 811 1461 solent
834 1415 996 1467 dicere,
1035 1425 1137 1460 tunc
1173 1430 1260 1459 esse
1295 1429 1445 1459 verum
1469 1412 1740 1475 baptismum

351 1484 536 1540 Christi,
566 1502 666 1532 cum
694 1487 750 1532 ab
772 1486 1079 1544 hominejusto
1099 1484 1246 1539 datur,
1282 1500 1381 1529 cum
1405 1493 1446 1528 et
1466 1483 1574 1528 hinc
1598 1492 1741 1529 teneat

354 1557 472 1602 orbis
492 1564 703 1603 terrarum
728 1557 1095 1603 evidentissrmam
1123 1566 1164 1601 et
1179 1553 1472 1614 evangelicam
1490 1553 1736 1607 veritatem,

356 1626 431 1671 ubi
458 1631 642 1673 joannes
667 1628 758 1674 ait:
787 1648 807 1668 (ι
835 1628 924 1683 Qui
953 1644 1020 1672 me
1050 1626 1162 1671 misit
1183 1626 1406 1688 baptizare
1426 1624 1471 1671 in
1497 1641 1628 1688 aqua,
1647 1623 1739 1688 ipse

354 1719 373 1738 υ
393 1697 501 1742 mihi
521 1697 627 1743 dixit
648 1715 659 1744 ι
687 1699 973 1762 Superquem
993 1697 1153 1743 videris
1171 1696 1386 1759 Spiritum
1405 1694 1740 1742 descendentem

358 1769 516 1832 »quasi
536 1770 806 1825 columbam,
834 1782 878 1816 et
903 1780 1147 1816 manentem
1174 1785 1306 1831 super
1323 1783 1441 1824 eum,
1469 1767 1560 1830 ipse
1582 1777 1644 1813 est
1664 1767 1754 1831 qui-

354 1861 376 1881 »
393 1840 589 1904 baptizat
601 1841 646 1886 in
659 1841 829 1904 Spiritu
846 1840 1039 1889 sancto1.
1065 1863 1086 1883 υ
1106 1839 1231 1886 Unde
1246 1855 1395 1885 secura
1410 1837 1600 1884 Ecclesia
1619 1856 1742 1902 spem

351 1928 438 1956 non
464 1912 589 1974 ponit
607 1911 652 1957 in
684 1911 880 1965 homine,
924 1929 977 1958 ne
1000 1910 1167 1958 incidat
1196 1911 1241 1956 in
1273 1909 1392 1955 illam
1416 1909 1674 1955 sententiam
1693 1909 1740 1956 in

351 1998 435 2045 qua
454 1982 665 2045 scriptum
689 1993 750 2028 cst
771 2000 781 2028 :
808 2004 827 2023 α
855 1982 1113 2029 Maledictus
1132 1982 1272 2028 omnis
1289 1981 1366 2044 qui
1377 1997 1498 2044 spem
1519 1997 1641 2025 suam
1663 1997 1741 2044 po-

354 2052 415 2096 nit
434 2052 474 2097 in
491 2052 668 2097 homine
688 2054 720 2100 ”-’”.
752 2073 770 2094 ν
793 2053 865 2098 sed
891 2070 1011 2115 spem
1031 2070 1152 2099 suam
1173 2052 1298 2116 ponit
1317 2052 1364 2097 in
1379 2050 1571 2103 Lliristo‚
1587 2050 1740 2115 quisic

353 2123 522 2186 accepit
558 2123 745 2169 formam
777 2125 905 2179 servi,
931 2136 1088 2171 utnon
1109 2125 1325 2171 amitteret
1349 2123 1536 2168 formam
1564 2123 1657 2178 Dei,
1685 2121 1741 2168 de

351 2211 439 2258 quo
465 2194 632 2241 dictum
648 2206 739 2241 est:
769 2218 788 2238 ε(
814 2198 912 2260 lpse
935 2197 1086 2260 estqui
1109 2196 1318 2260 baptizat.
1340 2215 1361 2237 ³>
1387 2193 1577 2240 Proinde
1601 2193 1738 2239 homo

351 2265 538 2329 quilibet
554 2267 747 2312 minister
772 2268 979 2331 baptismi
1004 2272 1113 2327 ejus,
1133 2268 1502 2332 qualemcumque
1525 2265 1740 2311 sarcinam

353 2347 497 2400 portet
516 2374 527 2392 ‚
576 2355 666 2383 non
705 2338 807 2393 iste,
836 2338 908 2384 sed
947 2356 1078 2403 super
1103 2355 1233 2402 quem
1261 2336 1466 2384 columba
1489 2335 1732 2392 descendit,

354 2409 446 2472 ipse
470 2418 532 2454 cst
554 2409 630 2472 qui
656 2409 866 2472 baptizat.
903 2409 1006 2456 lllos
1032 2420 1177 2456 autem
1219 2426 1327 2455 vana
1352 2407 1598 2462 sentientes,
1620 2417 1738 2454 tanta

356 2478 603 2526 absurditas
625 2481 840 2545 sequitur,
865 2492 1019 2545 utque
1050 2481 1108 2527 ab
1130 2498 1178 2528 ea
1197 2479 1369 2541 fugiant
1386 2495 1476 2525 non
1493 2477 1730 2526 inveniant.

356 2549 468 2598 Cum
502 2551 620 2600 enim
653 2550 872 2600 fateantur
893 2562 1041 2600 ratum
1056 2562 1100 2599 et
1132 2568 1285 2615 verum
1315 2566 1406 2597 esse
1427 2549 1700 2614 baptismum
1721 2586 1734 2605 ,

405 2636 534 2667 ῑᾶοειη,
555 2647 578 2670 ε,
607 2637 659 2669 33.
684 2653 724 2660 2-
742 2634 757 2657 ’)
774 2638 892 2667 Jerem.
914 2646 996 2674 xvxi,
1018 2637 1046 2668 5ζ
