1902 3268
374 269 470 322 304
797 279 832 308 s.
880 278 1123 309 Aucusrim
1161 278 1366 310 Episcopi

366 346 508 393 malus
532 344 724 404 litigator
746 342 924 389 laudare
943 344 1134 403 judiees,
1158 342 1321 408 quibus
1342 342 1648 403 judicantibus
1669 346 1756 391 vie-

369 427 439 463 tus
466 418 560 462 est?
600 416 764 460 Iterum
794 423 940 458 tamen
975 414 1331 460 clementissimus
1365 416 1609 478 Imperator
1651 416 1756 462 alios

361 487 533 549 judices
552 486 778 548 episcopos
798 482 918 528 dedit
944 484 1063 547 apud
1087 485 1312 531 Arelatum
1337 486 1493 533 Galliae
1506 488 1749 540 civitatem,

371 570 413 604 et
431 559 485 604 ab
509 557 614 620 ipsis
632 555 762 602 vestri
777 553 831 600 ad
851 554 1000 618 ipsum
1019 557 1334 620 Imperatorem
1354 558 1655 621 appellarunt,
1680 559 1758 604 do-

370 646 451 676 nec
473 628 605 675 etiam
628 628 721 691 ipse
739 642 917 673 causam
932 639 1228 689 cognosceret,
1255 638 1298 674 et
1318 628 1607 675 Caecilianum
1633 630 1759 675 inno-

371 710 559 756 centem,
576 698 673 744 illos
693 697 984 745 calumniosos
998 699 1318 763 pronuntiaret.
1344 700 1434 745 Nec
1452 699 1485 745 si
1508 701 1630 746 toties
1653 700 1759 747 victi

369 772 646 835 quieverunt,
664 769 737 816 sed
766 769 820 815 de
855 770 995 817 Felice
1017 770 1335 834 Aptungitano.
1358 787 1437 834 per
1456 788 1587 834 quem
1613 771 1759 817 Caeci-

367 841 511 888 lianus
541 840 684 887 fuerat
713 840 940 887 ordinatus
961 879 972 899 ,
1012 840 1279 905 quotidianis
1331 841 1761 904 interpellationibus

370 911 455 976 ipsi
480 911 740 976 Imperatori
768 911 952 958 taedium
978 911 1192 968 fecerunt,
1221 912 1414 958 dicentes
1436 929 1535 958 eum
1560 929 1648 958 esse
1669 922 1762 958 tra-

371 982 574 1030 ditorem.
604 980 658 1028 Et
674 982 771 1028 ideo
793 983 1085 1029 Caecilianum
1100 983 1379 1048 episcopum,
1408 1000 1496 1029 esse
1507 1000 1595 1029 non
1616 999 1758 1047 posse,

367 1054 489 1118 quod
530 1072 552 1099 a
578 1053 789 1099 traditore
826 1054 958 1099 fuerit
983 1054 1240 1110 ordinatus3
1276 1055 1414 1101 donec
1439 1065 1481 1100 et
1511 1054 1604 1118 ipse
1645 1053 1761 1099 Felix

367 1129 490 1185 Jussu
517 1123 798 1189 Imperatoris
837 1140 968 1170 causa
1005 1125 1181 1185 cognita
1223 1125 1278 1171 ab
1309 1125 1477 1171 ,Eliano
1498 1124 1762 1188 proconsule

369 1197 578 1242 innocens
598 1196 881 1259 probaretur.

439 1268 517 1315 IX.
559 1267 685 1313 Tunc
710 1267 1024 1314 Constantinus
1053 1267 1175 1333 prior
1217 1278 1369 1314 contra
1398 1277 1569 1332 partem
1603 1267 1763 1313 Donati

375 1338 685 1387 severissimam
713 1338 852 1398 legem
876 1338 1010 1385 dedit.
1051 1339 1183 1385 Hunc
1212 1339 1371 1385 imitati
1403 1339 1507 1384 filiiss
1536 1341 1629 1399 ejus
1659 1338 1763 1384 talia

372 1419 700 1475 praeceperunt.
726 1409 902 1466 Quibus
921 1409 1157 1456 succedens
1169 1409 1370 1456 Julianus
1384 1409 1578 1456 desertor
1599 1409 1763 1456 Christi

373 1492 415 1528 et
433 1481 654 1537 inimicus,
681 1480 1041 1544 supplicantibus
1066 1481 1218 1528 vestris
1235 1482 1480 1541 Rogatiano
1502 1492 1544 1527 et
1580 1480 1761 1537 Pontio;

374 1551 623 1598 libertatem
651 1551 913 1614 perditionis
951 1552 1068 1615 parti
1100 1552 1261 1598 Donati
1298 1552 1501 1615 permisit
1531 1569 1542 1597 :
1576 1551 1764 1614 denique

376 1633 481 1669 tunc
503 1621 697 1668 reddidit
717 1622 916 1668 basilicas
940 1623 1177 1679 haereticis,
1200 1622 1378 1687 quando
1400 1622 1564 1685 templa
1593 1621 1764 1667 daemo-

374 1693 475 1750 niis,
499 1710 548 1740 eo
573 1692 705 1739 modo
719 1703 880 1756 putans
899 1693 1201 1739 Christianum
1227 1711 1386 1740 nomen
1401 1710 1525 1757 posse
1550 1693 1691 1756 perire
1711 1691 1765 1738 de

377 1764 501 1810 terris
517 1783 528 1818 3
542 1764 575 1809 si
588 1764 746 1809 unitati
767 1763 992 1818 Ecclesiae,
1014 1763 1067 1809 de
1087 1781 1173 1828 qua
1196 1764 1344 1827 lapsus
1358 1765 1516 1820 fuerat,
1534 1763 1765 1810 invideret-

376 1845 419 1880 et
452 1834 680 1895 sacrilegas
711 1834 994 1880 dissensiones
1019 1834 1176 1880 liberas
1212 1852 1298 1880 esse
1336 1835 1624 1897 permitteret.
1657 1834 1764 1878 Haec

377 1916 468 1952 erat
487 1910 578 1966 eJus
607 1905 892 1970 praedicanda
910 1905 1098 1965 justitia,
1133 1923 1267 1968 quam
1294 1907 1592 1969 supplicantes
1617 1906 1765 1964 Roga-

377 1976 519 2022 tianus
544 1987 587 2022 et
610 1976 792 2021 Pontius
805 1975 1111 2032 laudaverunt,
1136 1975 1329 2020 dicentes
1344 1976 1514 2020 homini
1532 1985 1761 2037 apostatae,

376 2046 500 2111 quod
525 2068 545 2087 <c
575 2046 709 2109 Apud
734 2063 833 2092 eum
861 2045 950 2090 sola
981 2045 1150 2104 justitia
1184 2045 1368 2090 haberet
1403 2045 1566 2091 locum.
1594 2065 1614 2086 >2
1648 2043 1764 2090 Huic

376 2117 582 2163 successit
605 2118 830 2172 jovianus,
863 2116 939 2179 qui
979 2115 1189 2179 quoniam
1207 2116 1296 2161 cito
1314 2127 1514 2162 mortuus
1550 2125 1630 2170 est,
1652 2113 1766 2159 nihil

382 2185 437 2234 de
460 2189 590 2233 rebus
616 2187 930 2246 talibtisjussit.
964 2186 1131 2231 Deinde
1153 2185 1503 2239 Valentinianus3
1522 2184 1647 2244 legite
1665 2200 1766 2248 quae

380 2268 531 2304 contra
551 2275 625 2305 vos
652 2258 841 2318 jusserit.
868 2256 976 2302 Inde
1003 2258 1238 2302 Gratianus
1260 2269 1300 2303 et
1324 2256 1620 2312 Theodosius3
1639 2256 1764 2314 legite

381 2329 559 2392 quando
581 2329 731 2384 vultis,
750 2346 851 2392 quae
869 2328 922 2374 de
947 2329 1071 2374 vobis
1094 2329 1412 2374 constituerint.
1446 2326 1564 2384 Quid
1589 2343 1688 2386 ergo
1710 2326 1764 2372 de

382 2399 509 2445 filiis2
536 2399 772 2446 Theodosii
796 2398 1014 2445 miramini
1038 2399 1160 2462 quasi
1181 2399 1300 2445 aliud
1324 2399 1368 2444 in
1388 2399 1474 2443 bac
1491 2415 1619 2443 causa
1644 2397 1764 2459 sequi

383 2468 631 2527 debuerint,
663 2488 796 2534 quam
822 2470 1097 2516 Constantini
1118 2469 1338 2529 judicium
1362 2486 1440 2532 per
1460 2478 1524 2513 tot
1545 2467 1762 2514 Christia-

383 2557 461 2587 nos
480 2540 769 2604 Imperatores
791 2541 1036 2587 firmissime
1053 2540 1320 2586 custoditum
1336 2543 1354 2585 9

431 2623 442 2646 ¹
460 2622 667 2656 Constantius
683 2629 713 2655 et
727 2625 943 2657 Constans.—-—
963 2621 978 2644 ‘²
999 2622 1144 2654 Honorio
1165 2629 1194 2654 ct
1209 2622 1357 2655 Arcadio.
