1902 3268
386 244 480 289 226
807 257 841 289 s.
886 256 1129 289 Auensrmr
1163 256 1369 290 EPISCOPI

381 325 427 371 id
451 323 505 370 ad
527 323 728 370 fraternae
753 323 977 370 charitatis
1001 324 1248 370 libertatem
1272 323 1513 388 pertinere,
1540 324 1765 385 judicium

383 406 577 442 nostrum
617 412 704 440 non
735 395 1023 450 occultamus,
1052 406 1093 440 et
1117 396 1203 441 hoc
1233 413 1318 441 uon
1349 396 1670 452 benevolentia,
1694 396 1768 453 sed

378 466 542 513 invidia
562 466 701 510 faeere
743 465 983 517 credimur,
1021 476 1235 528 quantum
1282 477 1493 529 peccatur
1529 467 1574 512 in
1599 470 1701 512 nos‘:3
1727 477 1768 513 et

377 553 476 583 cum
502 535 700 580 similiter
731 552 824 587 eos„
844 535 920 597 qui
958 546 1123 580 nostras
1149 538 1380 581 sententias
1403 538 1762 600 reprehendunt,

380 606 536 652 laedere
550 605 693 669 potius
712 605 837 659 velle,
864 620 994 668 quam
1013 606 1224 664 corrigere
1238 608 1528 669 suspicamur,
1555 620 1768 670 quantum

380 686 615 739 peccamus
630 675 676 720 in
696 675 829 720 alios?
852 686 966 721 certe
986 675 1092 720 hine
1111 680 1297 720 existunt
1316 677 1558 722 inimicitiae
1578 678 1769 740 plerum·

382 763 466 809 que
500 746 627 790 etiam
655 745 766 790 inter
793 746 1065 792 charissimas
1085 745 1522 808 filmiliarissimasque
1546 764 1765 810 personas,

382 816 487 861 dum
502 853 513 872 ,
537 832 669 878 supra
690 832 821 878 quam
842 816 1056 879 scriptum
1086 826 1163 863 est.
1184 828 1294 860 unus
1316 833 1397 878 pro
1423 816 1554 863 altero
1591 818 1770 863 inflatur

386 885 591 931 adversus
627 885 828 939 alterum,
871 897 913 931 et
947 886 1053 931 dum
1084 886 1286 931 mordent
1314 897 1354 931 et
1385 887 1620 932 comedunt
1650 889 1768 934 invi-

377 973 490 1009 cem,
519 955 762 1001 timendum
797 967 860 1001 est
892 974 945 1001 ne
969 967 1281 1001 consumantur
1309 957 1365 1001 ab
1391 957 1590 1004 invicem.
1617 980 1634 999 α
1659 959 1769 1014 Quis

380 1047 403 1069 >2
419 1043 521 1086 ergo
546 1026 672 1072 dabit
694 1027 802 1072 mihi
826 1044 990 1090 pennas
1010 1027 1122 1072 sicut
1146 1027 1367 1072 columbae
1385 1028 1617 1084 etxolabQ
1642 1039 1686 1073 et
1706 1045 1768 1075 re-

384 1118 406 1138 »
429 1097 651 1160 quiescam
674 1095 721 1141 1?
746 1118 764 1137 »
784 1097 883 1142 Sixe
906 1097 1017 1141 enim
1036 1097 1137 1159 quia
1166 1098 1382 1160 pericula
1410 1100 1454 1143 in
1472 1099 1632 1162 quibus
1652 1099 1769 1162 quis-

384 1183 469 1230 que
483 1175 693 1221 versatur,
712 1166 909 1225 graviora
928 1176 1201 1228 su11t‚quan1
1232 1167 1449 1229 inexperta
1471 1169 1557 1213 sire
1579 1171 1678 1232 quia
1698 1187 1768 1214 re-

381 1254 482 1283 vera
507 1236 568 1281 ita
592 1246 674 1281 est·
666 1235 904 1298 quaelibet
922 1236 1256 1299 pusillanimitas
1278 1247 1597 1301 tempestasque
1614 1239 1770 1285 deserti

381 1307 525 1353 minus
543 1306 839 1351 mihividetur
859 1306 1054 1363 molesta,
1075 1323 1206 1370 quam
1229 1324 1295 1362 ea,
1330 1324 1430 1370 quae
1449 1309 1515 1353 vel
1555 1309 1764 1372 patimur,

382 1377 450 1424 vel
466 1378 667 1422 timemus
689 1376 734 1421 in
757 1376 913 1423 turbis.

449 1447 501 1495 V.
523 1446 714 1493 Proinde
733 1446 920 1491 multum
944 1446 1146 1510 approbo
1171 1447 1425 1492 sententiam
1448 1457 1585 1503 tuam,
1615 1447 1668 1492 de
1687 1448 1769 1494 hu-

381 1522 453 1579 335
466 1518 571 1564 vitae
594 1527 707 1563 statu
728 1534 813 1562 esse
831 1518 1065 1576 agendum,
1087 1517 1153 1562 vel
1173 1518 1321 1580 potius
1338 1535 1472 1563 cursu
1495 1535 1629 1581 quam
1646 1528 1756 1565 stau.

387 1589 516 1636 Addo
543 1587 686 1643 aliud,
713 1587 815 1650 quia
841 1589 964 1650 prius
999 1588 1082 1632 hoc
1108 1588 1416 1650 requirendum
1448 1599 1577 1652 atque
1616 1599 1770 1634 tenen-

389 1660 494 1706 dum
517 1670 594 1715 est,
616 1675 750 1722 quam
765 1657 893 1713 illud,
920 1658 1048 1722 quale
1065 1657 1262 1703 futurum
1288 1658 1357 1714 sit,
1374 1659 1550 1721 quoiste
1570 1657 1652 1703 fert
1672 1676 1769 1704 cur-

390 1748 474 1777 sus.
505 1729 612 1775 Inde
637 1745 736 1788 ergo
760 1728 1023 1786 interrogavi
1048 1728 1152 1791 quid
1175 1729 1345 1784 sentias,
1372 1729 1646 1792 quasi‘hujus
1670 1731 1771 1777 vitae

390 1811 507 1847 recta
532 1798 679 1859 regula
699 1808 862 1843 retenta
888 1809 1018 1861 atque
1042 1808 1207 1844 servata
1222 1802 1313 1857 jam
1339 1800 1476 1844 securi
1503 1800 1651 1856 simus,
1669 1817 1770 1846 cum

388 1873 435 1919 in
461 1881 550 1916 tam
575 1868 740 1923 multis,
771 1868 1040 1931 maximeque
1068 1868 1111 1913 in
1138 1868 1207 1913 his
1234 1885 1334 1931 quae
1355 1869 1561 1926 breviter,
1600 1880 1647 1915 ut
1684 1886 1771 1933 po-

392 1943 476 1997 tui,
493 1939 850 1993 commemoravi,
882 1938 1241 2001 periculosissime
1259 1939 1458 1983 laborare
1478 1957 1545 1984 me
1568 1940 1762 1986 sentiam.

394 2010 478 2059 Sed
518 2010 621 2073 quia
645 2008 783 2053 omnis
819 2007 918 2052 haec
957 2008 1199 2067 ignorantia
1219 2018 1260 2052 et
1285 2007 1502 2053 difficultas
1526 2008 1633 2054 hinc
1661 2010 1772 2055 mihi

390 2081 565 2131 videtur
585 2079 757 2125 existere
772 2077 893 2141 quod
919 2078 964 2122 in
984 2095 1140 2137 magna
1172 2078 1377 2123 variciate
1398 2095 1588 2132 morum,
1616 2090 1658 2125 et
1675 2081 1771 2125 ani-

393 2167 564 2199 marum
583 2148 894 2195 occultissimas
911 2147 1154 2193 voluntates
1170 2158 1297 2210 atque
1318 2149 1588 2195 infirmitates
1606 2150 1771 2196 haben-

395 2225 524 2277 tiun=15
557 2237 648 2265 rem
683 2218 839 2282 populi
875 2218 1076 2278 gerimus,
1113 2236 1202 2264 non
1230 2221 1385 2264 terreni
1411 2230 1539 2283 atque
1563 2222 1767 2277 Romani,

395 2293 468 2341 sed
487 2289 839 2353 Jerosolymitani
856 2288 1056 2344 coelestis,
1080 2290 1215 2348 magis
1239 2307 1306 2334 me
1327 2290 1459 2335 libuit
1482 2291 1603 2354 loqui
1630 2301 1771 2337 tecum

392 2383 440 2412 ex
459 2363 533 2410 1110
560 2360 680 2423 quod
696 2360 871 2414 erimus3
897 2375 1027 2421 quam
1052 2376 1098 2404 ex
1121 2360 1201 2404 isto
1234 2359 1354 2422 quod
1379 2377 1539 2406 sumus.
1564 2362 1631 2407 lbi
1656 2363 1770 2407 enim

393 2436 471 2485 etsi
494 2432 706 2479 nescimus
723 2447 823 2494 quae
846 2429 1121 2475 bonafutura
1140 2440 1256 2485 sunt,
1288 2448 1375 2476 non
1402 2441 1541 2477 [amen
1566 2433 1619 2478 de
1635 2447 1771 2497 parva

393 2525 439 2555 re
453 2503 559 2552 certi
584 2517 747 2557 sumus,
765 2498 885 2564 quod
908 2501 989 2547 ista
1012 2501 1125 2548 mala
1147 2500 1212 2548 ibi
1231 2517 1318 2547 non
1335 2511 1475 2550 erunt.

444 2591 454 2612 ¹
473 2587 554 2621 Psal.
572 2596 637 2623 mv,
661 2596 691 2624 7.
