1902 3268
367 281 396 335 4
790 295 825 323 s.
871 292 1113 322 aueus'rml
1151 292 1355 323 EPISCOP1

369 358 463 421 ipsa
502 355 587 402 fide
613 355 851 402 christiana
873 394 883 413 ‚
919 357 1026 402 etin
1062 357 1259 402 moribus
1285 360 1375 416 jam
1406 356 1464 402 ita
1498 357 1746 403 constitutae

368 443 565 491 personae
592 437 677 472 tuae
701 427 928 486 congruis,
951 427 1051 473 tales
1073 438 1112 473 te
1139 427 1359 490 profectus
1382 426 1640 473 habiturum
1660 465 1670 483 ‚
1700 438 1748 473 ut

368 500 503 558 hujus
529 497 639 543 fumi
659 497 724 543 vel
744 498 916 559 vaporis
942 498 1208 561 temporalis,
1230 515 1331 561 quae
1356 499 1442 544 vita
1459 498 1651 544 humana
1675 499 1747 545 di-

368 570 500 625 citur,
531 569 733 614 ultimum
752 569 884 622 diem,
913 586 1040 632 quem
1067 570 1175 615 nulli
1191 569 1442 615 mortalium
1464 569 1623 615 evitare
1640 587 1750 616 con-

369 639 570 695 ceditur,
595 639 661 685 vel
686 639 838 685 avidus
860 640 928 686 vel
960 656 1134 686 securus
1162 641 1229 686 vel
1258 652 1371 686 certe
1413 658 1498 685 non
1529 642 1750 704 desperate

368 710 595 765 sollicitus,
619 728 707 755 non
731 711 775 756 in
797 712 987 756 vanitate
1015 712 1170 757 erroris
1187 749 1197 764 ,
1229 711 1300 756 sed
1331 712 1375 756 in
1396 712 1612 757 soliditate
1634 713 1751 758 veri-

371 781 466 826 tatis
492 792 701 844 expectes,
729 782 870 837 Quam
895 792 1061 827 certum
1087 793 1148 827 est
1167 782 1280 827 enim
1304 781 1383 826 tibi
1405 783 1545 827 vivere
1574 793 1640 835 te3
1664 794 1750 828 tam

368 853 423 897 sit
447 862 613 897 certum
638 851 839 896 doctrina
865 852 1040 897 salutari
1071 853 1193 897 istam
1214 852 1372 907 vitam,
1397 869 1497 914 quae
1524 852 1568 897 iu
1588 852 1754 897 deliciis

369 922 686 985 temporalibus
734 923 877 981 agitur
899 960 908 978 ‚
952 923 997 968 in
1038 924 1364 985 comparatione
1403 922 1504 967 vitae
1542 932 1717 967 aeternae
1741 960 1751 978 ‚

368 1009 469 1056 quae
493 992 621 1037 nobis
652 1010 731 1056 per
761 993 986 1039 Christum
1011 1005 1141 1058 atque
1168 994 1213 1039 in
1239 993 1417 1038 Christo
1443 993 1717 1055 promittitur
1740 1030 1750 1049 ‚

368 1081 457 1109 non
490 1063 621 1108 vitam
652 1063 722 1108 sed
766 1074 948 1110 mortem
985 1082 1071 1109 esse
1097 1064 1411 1127 deputandam.
1453 1063 1584 1109 Nullo
1624 1063 1755 1108 modo

372 1145 517 1179 autem
538 1134 834 1180 dubitaverim
857 1135 910 1180 de
930 1135 1077 1181 indole
1101 1134 1319 1198 tua‚quod
1341 1134 1420 1180 ista
1443 1134 1758 1180 consuetudine

371 1204 702 1249 Donatistarum
720 1203 926 1250 facillime
945 1216 983 1250 te
1001 1206 1215 1260 extrahes5
1239 1206 1272 1250 si
1288 1204 1601 1264 religiosissime
1620 1204 1757 1267 ipsam

365 1275 652 1322 christianam
673 1276 909 1338 puritatem
937 1294 1024 1322 non
1060 1276 1406 1339 parvipenderis,
1435 1278 1580 1333 Quam
1608 1276 1759 1321 incon-

372 1345 506 1393 cussis
543 1345 658 1391 enim
683 1345 1050 1393 documentorum
1083 1347 1366 1393 firmamentis
1393 1364 1511 1392 error
1540 1347 1610 1392 ille
1649 1363 1760 1391 con-

371 1418 576 1464 vincatur
594 1453 604 1472 ,
635 1434 723 1462 non
749 1435 954 1478 magnum
975 1429 1037 1464 est
1054 1418 1185 1464 etiam
1210 1418 1343 1464 tardis
1370 1418 1566 1477 ingenio,
1600 1417 1633 1463 si
1661 1427 1761 1462 tan-

375 1499 468 1534 tum
489 1487 705 1551 patienter
726 1499 855 1551 atque
876 1489 1041 1534 intente
1068 1489 1301 1544 audierint,
1325 1488 1565 1551 pervidere.
1594 1487 1678 1533 Sed
1707 1487 1761 1533 ad

378 1556 628 1604 sectandam
652 1557 870 1603 insolitam
894 1558 1199 1605 rectitudinem
1233 1559 1387 1604 usitate
1418 1569 1459 1604 et
1479 1558 1603 1622 quasi
1635 1557 1761 1603 fami-

377 1627 496 1675 liaris
516 1629 807 1690 perversitatis
826 1628 1051 1675 vinculum
1069 1630 1346 1692 abrumpere,
1369 1632 1581 1688 majorum
1605 1627 1763 1673 virium

382 1709 459 1745 est.
496 1699 553 1743 Et
589 1714 866 1761 nequaquam
904 1699 1222 1762 desperandum
1265 1699 1499 1759 adjuvante
1537 1709 1665 1762 atque
1692 1715 1764 1743 ex-

385 1769 590 1814 hortante
615 1768 711 1830 ipso
738 1769 926 1814 Domino
954 1771 1043 1815 Deo
1068 1781 1213 1815 nostro
1234 1807 1244 1825 ,
1274 1769 1327 1815 de
1345 1786 1545 1829 generosa
1566 1767 1766 1814 libertate

386 1850 517 1902 atque
544 1837 674 1901 plane
696 1839 806 1884 virili
836 1852 1010 1903 pectore
1032 1852 1120 1888 tuo.
1152 1840 1409 1887 Incolumen
1433 1851 1470 1885 te
1497 1839 1674 1885 Domini
1687 1839 1766 1884 Dei

386 1908 521 1956 nostri
538 1908 833 1955 misericordia
858 1923 1047 1967 tueatur,
1072 1912 1247 1958 domine
1261 1911 1411 1957 eximie
1424 1910 1662 1974 meritoque
1679 1909 1766 1955 ho-

388 1977 597 2026 norabilis
615 1989 656 2023 et
678 1979 953 2028 dilectissime
974 1983 1049 2030 fili.
