1902 3268
327 247 385 303 2²5
747 268 781 297 s.
825 267 1065 298 At‘m‘siixi
1108 269 1306 299 eviscovi

329 340 516 376 remotus.
533 342 645 385 erat3
668 343 708 378 et
730 332 814 378 hoc
836 334 936 397 quia
957 333 1033 378 iste
1050 335 1212 397 optime
1231 344 1428 390 noverat,
1447 352 1600 395 negare
1614 351 1698 381 non

327 401 487 464 potuit.
520 404 631 449 Nam
655 421 755 468 quae
771 405 970 464 negavit,
995 405 1083 449 Deo
1102 404 1269 464 dimisi,
1286 406 1488 466 J‘udicans
1511 423 1611 470 qua-2
1630 423 1702 451 oe-

325 472 493 519 cultare
509 476 741 538 permissus
756 492 843 520 non
856 485 931 522 est.
943 475 1088 520 Timui
1104 476 1141 520 ei
1159 477 1428 523 committere
1444 477 1698 534 Ecclesiam,

324 546 564 608 praesertim
597 548 708 592 inter
741 546 1048 592 haereticorum
1083 547 1503 594 circumlatrantium
1536 548 1701 594 rabiem

325 616 620 662 constitutam.
666 617 719 662 Et
752 633 849 663 cum
888 634 956 662 me
989 627 1183 676 rogaret,
1223 629 1272 663 ut
1306 618 1361 664 ad
1397 620 1701 682 presbyterum

322 685 449 731 fundi
488 686 832 734 Armenianensis
869 687 913 733 in
953 704 1111 751 campo
1146 686 1336 733 Bullensi
1354 725 1365 744 ‚
1399 688 1513 735 unde
1549 688 1603 734 ad
1626 705 1704 734 nos

326 755 585 813 devenerat,
612 774 741 803 causa
766 762 856 817 ejus
882 757 1098 803 insinuata
1127 757 1291 802 litteras
1318 757 1487 814 darem,
1515 776 1568 804 ne
1594 757 1702 822 quid

321 826 375 871 de
398 826 474 871 illo
499 827 686 873 atrocius
720 828 1041 891 suspicaretur,
1078 837 1127 872 ut
1147 826 1236 872 illic
1260 827 1411 884 vivat,
1438 827 1473 873 si
1494 827 1586 873 fieri
1616 844 1704 891 po-

322 906 403 942 test
426 896 516 942 sine
533 896 675 943 officio
694 898 958 961 presbyterii
980 898 1233 953 correctior,
1257 897 1555 944 misericordia
1578 915 1705 944 com-

323 976 469 1012 motus
495 967 591 1015 feci.
619 968 727 1015 Haec
748 979 890 1015 autem
916 987 985 1015 me
1003 970 1231 1033 praecipue
1250 968 1499 1032 prudentiae
1528 968 1705 1015 tuaein-

329 1036 480 1082 timare
505 1039 762 1101 oportebat,
795 1056 847 1085 ue
868 1039 1013 1103 aliqua
1042 1039 1122 1084 tibi
1150 1038 1322 1084 fallacia
1344 1040 1610 1102 subreperet.

389 1108 448 1154 ll.
478 1109 639 1155 Audivi
660 1121 800 1156 autem
816 1127 989 1157 causam
1008 1114 1099 1170 ejus
1115 1147 1125 1165 ‚
1143 1126 1244 1155 cum
1264 1120 1440 1156 centum
1462 1110 1552 1156 dies
1567 1121 1705 1156 essent

326 1177 381 1224 ad
405 1178 688 1226 Dominicum
708 1181 894 1227 Paschae
915 1181 990 1244 qui
1008 1181 1180 1226 futurus
1192 1191 1254 1225 est
1269 1190 1424 1227 octavo
1443 1179 1548 1226 Idus
1571 1181 1705 1244 Apri-

324 1247 390 1295 lis,
416 1247 512 1294 Hoc
526 1261 707 1314 propter
726 1251 961 1298 concilium
983 1251 1200 1296 insinuare
1218 1252 1367 1297 curavi
1388 1250 1706 1296 venerabilitati

327 1329 416 1363 tuae
434 1355 444 1375 ,
473 1319 592 1382 quod
617 1321 745 1367 etiam
778 1321 860 1385 ipsi
887 1338 972 1367 non
1004 1320 1174 1376 celavi,
1201 1319 1273 1366 sed
1310 1321 1349 1366 ei
1384 1320 1567 1366 fideliter
1596 1320 1704 1384 quid

322 1388 572 1436 institutum
587 1402 692 1437 esset
710 1392 858 1455 aperui
871 1392 887 1421 ‘¹
911 1411 922 1437 ι
945 1402 994 1438 ut
1014 1392 1047 1437 si
1060 1392 1173 1437 intra
1191 1407 1353 1438 annum
1371 1407 1542 1438 causam
1562 1408 1702 1447 suam,

327 1458 361 1503 si
395 1458 506 1504 forte
538 1460 621 1506 sibi
658 1461 824 1526 aliquid
858 1462 1073 1523 agendum
1110 1472 1266 1525 putat,
1295 1478 1416 1522 agere
1445 1461 1704 1522 neglexerit,

327 1528 532 1593 deinceps
549 1534 641 1591 ers
658 1549 809 1578 vocem
828 1550 956 1580 nemo
973 1532 1136 1580 audiat.
1165 1534 1253 1579 Nos
1271 1543 1415 1578 autem
1431 1569 1442 1588 ‚
1463 1532 1708 1579 beatissime

329 1598 506 1646 domine
522 1611 562 1647 et
586 1603 889 1650 venerabiliter
906 1602 1179 1667 suscipiende
1206 1613 1346 1667 pater,
1376 1603 1407 1648 si
1429 1603 1527 1649 haec
1543 1602 1706 1649 indicia

329 1668 457 1716 malae
479 1672 817 1718 conversationis
835 1673 1120 1730 clericorum,
1147 1672 1330 1719 maxime
1358 1689 1459 1718 cum
1476 1671 1593 1718 fama
1618 1689 1706 1718 non

329 1739 447 1785 bona
479 1757 548 1786 eos
572 1743 759 1806 coeperit
782 1744 1008 1799 comitari,
1044 1761 1131 1790 non
1163 1742 1462 1806 putaverimus
1491 1759 1541 1788 eo
1576 1741 1706 1788 modo

328 1810 591 1859 vindicanda
607 1851 618 1870 ‚
644 1831 734 1878 quo
755 1815 800 1860 in
833 1815 1019 1861 concilio
1042 1816 1328 1861 constitutum
1351 1824 1438 1868 est3
1472 1813 1707 1877 incipimus

329 1881 427 1940 cogi
448 1898 495 1927 ea
512 1919 521 1936 ‚
549 1899 650 1945 quae
680 1885 779 1930 sciri
806 1902 894 1930 non
917 1896 1126 1948 possunt,
1153 1884 1264 1931 velle
1291 1884 1528 1940 discutere,
1556 1894 1598 1930 et
1631 1894 1708 1930 aut

326 1953 491 1998 incerta
508 1952 717 2000 damnare
732 1992 743 2011 ,
770 1966 844 2002 aut
859 1973 957 2002 vere
979 1957 1199 2016 incognita
1214 1955 1452 2019 praeterire.
1482 1957 1574 2015 Ego
1593 1966 1707 2001 certe

328 2023 635 2087 presbyterum
652 2062 663 2080 ,
689 2036 731 2071 et
754 2026 830 2090 qui
853 2027 923 2072 die
939 2027 1123 2087 jejunii,
1150 2044 1238 2091 quo
1260 2025 1451 2087 ejusdem
1469 2026 1555 2072 loci
1578 2026 1707 2072 etiam

331 2093 524 2139 Ecclesia
543 2095 794 2154 jejunabat,
823 2097 1080 2144 valefaciens
1104 2098 1281 2158 collegae
1302 2114 1378 2143 suo
1402 2096 1597 2157 ejusdem
1620 2096 1707 2143 loci

327 2164 606 2228 presbytero,
628 2166 744 2228 apud
764 2167 970 2213 famosam
991 2168 1212 2214 mulierem
1234 2205 1245 2225 ,
1265 2167 1437 2214 nullum
1461 2183 1606 2213 secum
1624 2167 1708 2213 cle-

327 2235 468 2281 ricum
484 2236 676 2294 habens,
696 2255 916 2285 remanere
932 2250 973 2285 et
990 2239 1203 2303 prandere
1222 2250 1264 2285 et
1281 2255 1457 2285 coenare
1472 2255 1600 2284 ausus
1616 2248 1703 2292 est,

329 2315 370 2350 et
390 2305 434 2351 in
463 2322 548 2352 una
566 2306 697 2353 domo
711 2307 901 2355 dormire
915 2347 926 2365 ‚
948 2310 1262 2356 removendum
1283 2309 1340 2355 ab
1359 2308 1501 2354 officio
1520 2308 1678 2372 presby
1691 2335 1706 2343 -

328 2375 423 2420 terii
451 2376 687 2424 arbitratus
710 2395 805 2424 sum
825 2416 835 2435 ‚
863 2380 1017 2426 timeus
1049 2380 1086 2425 ei
1121 2380 1327 2443 deinceps
1359 2377 1597 2424 Ecclesiam
1624 2376 1705 2423 Dei

329 2446 613 2494 committere.
645 2448 778 2504 Quod
802 2450 834 2496 si
864 2450 974 2497 forte
1001 2451 1228 2511 judicibus
1260 2448 1559 2496 ecclesiasticis
1582 2447 1704 2493 aliud

327 2515 516 2575 videtur,
543 2519 646 2582 quia
675 2537 742 2565 sex
772 2521 989 2586 episcopis
1012 2539 1186 2569 causam
1210 2520 1453 2586 presbyteri
1482 2518 1704 2566 terminari

376 2601 386 2622 ¹
405 2601 441 2631 In
460 2611 549 2634 conc.
568 2600 679 2635 habito
695 2602 887 2645 Carthagine
908 2607 959 2639 13.
973 2608 1061 2650 Sept.
1080 2617 1131 2640 an.
1151 2612 1228 2642 401.
