1902 3268
414 306 505 367 275
835 320 869 349 s.
919 316 1155 348 nussim]
1199 318 1394 346 nriscori

408 384 587 431 intrasse
602 383 802 437 dicatur3
824 400 912 445 quo
941 384 1069 429 etiam
1095 384 1129 429 si
1152 399 1317 428 necesse
1345 392 1450 428 esset
1476 381 1635 429 intrare
1653 381 1787 428 vesti-

410 465 526 509 tum,
557 455 623 498 vix
648 453 873 498 molestum
895 463 1016 503 esset,
1039 464 1285 497 nontamen
1310 453 1484 499 mirum.

476 525 664 570 XXXII.
686 522 769 568 Sed
785 522 950 567 liabent
971 540 1115 568 revera
1137 522 1257 585 quod
1276 539 1363 567 non
1385 522 1564 568 credant
1578 522 1620 568 in
1640 521 1789 568 divino

412 592 642 648 miraculo,
670 609 874 655 vaporem
895 592 1074 648 ventris,
1098 609 1184 655 quo
1202 592 1289 637 cibi
1310 592 1581 647 madescunt,
1601 591 1791 655 potuisse

411 663 470 709 ita
498 662 746 726 temperari,
770 674 818 708 ut
842 663 975 708 vitain
991 663 1180 707 hominis
1208 673 1494 708 conservaret.
1530 663 1707 719 Quanto
1727 661 1791 707 in·

412 733 668 780 credibilius
707 750 805 793 ergo
830 742 1155 796 proponerent,
1186 742 1269 777 tres
1307 730 1402 777 illos
1434 731 1551 777 viros
1576 732 1632 776 ab
1655 731 1792 794 impio

405 805 561 864 regein
581 804 800 850 caminum
824 803 988 855 missos,
1008 801 1308 847 deambulasse
1332 801 1376 846 in
1407 800 1549 846 medio
1566 800 1793 861 ignisillae-

409 877 505 919 sos?
533 875 820 937 Quapropter
839 874 871 918 si
901 873 1020 918 nulla
1045 872 1114 917 isti
1130 871 1277 917 divina
1297 871 1508 916 miracula
1526 871 1681 917 volunt
1695 887 1794 916 cre-

406 943 524 999 dere,
543 944 626 989 alia
647 944 942 1006 disputatione
962 942 1180 988 refellendi
1198 952 1312 988 sunt.
1338 942 1486 1005 Neque
1502 941 1616 986 enirn
1632 940 1795 986 delient

410 1029 547 1059 unum
564 1013 731 1077 aliquid
747 1024 955 1076 tanquam
973 1011 1229 1058 incredibile
1244 1029 1505 1075 proponere,
1529 1023 1572 1057 et
1590 1012 1634 1057 iu
1654 1028 1794 1075 quaes-

411 1083 575 1128 tionem
597 1100 768 1138 vocare,
786 1083 859 1128 sed
874 1082 1020 1127 omnia
1040 1099 1139 1145 quae
1165 1082 1231 1129 vel
1259 1082 1359 1127 talia
1382 1082 1449 1128 vel
1469 1082 1597 1128 etiam
1620 1082 1796 1127 mirabi-

411 1153 523 1199 liora
548 1165 797 1198 narrantur.
824 1155 877 1197 Et
893 1164 1035 1197 tamen
1055 1153 1088 1197 si
1109 1153 1211 1208 hoc,
1232 1152 1352 1214 quod
1377 1152 1430 1197 de
1451 1158 1559 1198 Jona
1582 1154 1795 1215 scriptum

415 1237 496 1280 est,
529 1224 739 1287 Apuleius
767 1223 1086 1278 Madaurensis,
1130 1223 1196 1268 vel
1219 1222 1476 1285 Apollonius
1496 1225 1697 1286 Tyaneus
1732 1223 1798 1268 fe-

414 1295 522 1341 cisse
545 1295 782 1350 diceretur,
816 1309 1004 1357 quorum
1037 1292 1172 1338 inulta
1200 1293 1309 1337 mira
1334 1293 1455 1338 nullo
1483 1293 1600 1339 fideli
1622 1303 1797 1339 auctore

413 1365 639 1425 jactitant,
672 1364 872 1426 quamvis
893 1374 934 1409 et
957 1363 1176 1409 daemones
1196 1362 1407 1408 nonnulla
1444 1362 1607 1409 faciant
1633 1362 1801 1423 Angelis

415 1435 575 1480 sanctis
591 1434 764 1489 similia,
790 1450 878 1478 non
899 1434 1078 1480 veritate
1096 1433 1167 1478 sed
1187 1432 1349 1495 specie,
1369 1451 1455 1478 non
1473 1434 1700 1497 sapientia,
1727 1432 1798 1479 sed

414 1504 546 1568 plane
570 1503 741 1549 fallacia
765 1521 775 1547 ε
798 1514 941 1548 tamen
964 1504 995 1548 si
1019 1503 1072 1548 de
1090 1503 1198 1558 istis,
1231 1513 1277 1547 ut
1301 1502 1406 1558 dixi,
1435 1521 1541 1566 quos
1562 1520 1708 1563 magos
1734 1501 1802 1548 vel

414 1574 708 1639 philosophos
726 1573 1008 1619 laudabiliter
1026 1573 1273 1628 nominant,
1303 1573 1384 1618 tale
1404 1573 1568 1637 aliquid
1602 1589 1802 1619 narrare-

415 1656 515 1698 tur,
541 1661 627 1690 non
654 1648 745 1703 jam
771 1646 816 1689 in
843 1645 998 1689 buccis
1027 1654 1224 1706 creparet
1253 1645 1385 1697 risus,
1413 1643 1486 1689 sed
1512 1643 1691 1707 typhus.
1737 1645 1803 1688 lta

413 1714 587 1761 rideant
612 1714 866 1776 Scripturas
890 1725 1088 1760 nostras:
1122 1724 1335 1776 quantum
1372 1725 1575 1777 possunt,
1614 1713 1799 1769 rideant,

418 1786 525 1831 dum
552 1803 631 1849 per
663 1785 852 1845 singulos
876 1785 965 1830 dies
990 1786 1172 1831 rariores
1206 1785 1520 1848 paucioresque
1545 1802 1587 1830 se
1607 1784 1800 1839 videant,

416 1855 485 1901 vel
508 1854 750 1909 moriendo,
771 1854 837 1899 vel
858 1855 1076 1900 eredendo
1098 1873 1108 1899 :
1130 1855 1236 1900 duni
1268 1854 1507 1917 implentur
1526 1855 1689 1909 omnia,
1705 1869 1805 1917 quae

418 1925 716 1989 praedixeruut
751 1925 826 1986 qui
860 1924 940 1970 hos
981 1935 1130 1970 contra
1163 1925 1386 1970 veritatem
1419 1924 1606 1970 inaniter
1631 1940 1805 1987 pugna-

420 2006 566 2050 turos,
588 2011 696 2039 vane
732 1994 980 2047 latraturos,
1004 1995 1214 2056 paulatim
1242 1994 1514 2051 defecturos,
1552 2005 1674 2040 tanto
1709 2004 1807 2040 ante

420 2065 640 2111 riserunt:
678 2065 893 2126 nobisque
925 2067 1107 2127 posteris
1135 2065 1220 2111 suis
1261 2082 1347 2109 non
1372 2065 1509 2110 solum
1546 2082 1593 2110 ea
1628 2063 1806 2125 legenda

424 2135 700 2186 dimiserunt,
724 2152 874 2179 verum
889 2136 1146 2198 experienda
1172 2136 1478 2198 promiserunt„

493 2206 706 2251 XXXlll.
742 2205 839 2249 Non
865 2222 964 2250 sane
989 2206 1193 2260 absurde,
1216 2223 1355 2268 neque
1388 2206 1638 2268 importune
1657 2206 1808 2267 requi-

427 2276 557 2331 ritur,
582 2274 689 2338 quid
716 2274 793 2319 ista
814 2275 1077 2335 significent,
1106 2286 1154 2321 ut
1180 2293 1279 2321 cum
1299 2276 1382 2320 lioc
1402 2276 1640 2338 expositum
1656 2274 1804 2330 fuerit,

427 2364 515 2392 non
536 2357 702 2392 tantum
722 2356 853 2404 gesta,
883 2346 954 2391 sed
989 2347 1118 2391 etiam
1146 2357 1330 2410 propter
1359 2345 1546 2409 aliquam
1586 2346 1807 2405 signifiea-

427 2417 590 2461 tionem
611 2416 857 2478 conscripta
889 2433 974 2461 esse
991 2417 1239 2463 credantur.
1265 2417 1390 2462 Prius
1405 2434 1505 2476 crgo
1529 2434 1614 2462 non
1637 2416 1809 2461 dubitet

427 2486 585 2531 Jonam
610 2486 872 2548 proplietam
905 2487 947 2532 in
973 2487 1070 2533 alvo
1096 2488 1258 2547 ingenti
1285 2487 1460 2532 marinae
1481 2487 1640 2531 bellu-(e
1665 2485 1807 2531 triduo

427 2556 573 2611 fuisse,
606 2555 682 2618 qui
703 2556 795 2601 vult
834 2557 1037 2611 scrutari,
1062 2575 1142 2603 cur
1168 2558 1254 2603 hoc
1279 2557 1443 2603 factum
1472 2557 1525 2602 sit
1547 2574 1556 2601 :
1581 2573 1666 2601 non
1693 2555 1806 2600 enim

427 2625 587 2670 frustra
607 2625 769 2670 iactum
789 2637 872 2682 est,
899 2627 971 2672 sed
996 2638 1140 2675 tamen
1158 2627 1319 2673 factum
1339 2638 1413 2673 est.
1440 2626 1482 2672 Si
1496 2627 1608 2673 enini
1633 2635 1807 2673 movent
