1902 3268
376 264 466 310 :288
796 276 829 305 s.
876 271 1116 304 avorsum
1159 273 1359 304 l·'.i5l‘=‹.()t⁴’1

375 343 606 389 officiosius
629 339 843 397 rogandos
871 351 1069 403 putares3
1099 357 1285 403 quornm
1314 342 1421 396 dixi,
1464 339 1570 387 wile
1599 358 1674 386 nos
1705 342 1748 386 111

374 416 432 460 eis
471 413 637 459 salvum
671 428 782 466 esse,
821 410 939 472 quod
975 410 1212 456 incolumes
1248 429 1430 474 corpore
1454 412 1622 458 vivunt.
1664 413 1749 457 *Nec

374 495 606 545 egestosam
632 482 761 526 vitam
781 515 792 534 ,
823 490 868 524 ut
902 480 1020 525 victu
1054 479 1275 538 indigeant
1299 483 1354 527 ab
1383 483 1472 528 aliis
1494 483 1745 546 impartito,

375 572 453 619 per
476 571 552 599 nos
571 552 629 597 eis
652 550 801 613 utique
817 549 1090 602 formidares3
1110 567 1298 612 quorum
1320 563 1361 597 et
1380 552 1489 597 illud
1508 552 1667 598 secund
1678 570 1749 598 11111

375 625 463 671 dixi
478 623 585 670 veile
606 639 683 667 nos
699 620 884 669 salvum.
904 620 1023 683 quod
1042 620 1209 665 liabent
1224 621 1339 666 unde
1359 622 1527 669 vivunt.
1554 624 1749 668 Tertium

373 713 477 742 vero
507 692 624 759 quod
658 692 825 737 habent
862 690 975 735 unde
1016 689 1125 735 male
1157 690 1335 746 vivunt,
1363 691 1408 736 id
1436 703 1524 748 est,
1568 703 1614 737 ut
1642 692 1750 737 nihil

377 766 495 813 aliud
513 765 654 811 dicam
671 800 681 815 ,
706 772 820 807 certe
837 761 948 806 unde
965 760 1172 806 falsorum
1194 761 1376 806 deorum
1398 773 1592 822 argentea
1610 762 1749 807 fabri-

377 853 529 882 cavere
551 833 781 880 simulacra
802 869 812 888 ,
835 849 915 894 pro
931 831 1093 893 quibus
1118 830 1185 875 vet
1202 831 1446 887 servandis,
1474 832 1537 877 vei
1561 832 1749 877 adoran-

375 907 442 953 dis
461 945 471 963 ,
494 906 561 952 vel
576 904 781 962 sacrilego
807 903 894 947 ritu
920 902 1068 947 adhuc
1088 900 1297 956 colendis,
1319 919 1453 965 usque
1472 903 1525 948 ad
1549 904 1752 949 Ecclesiae.

375 979 456 1025 Dei
481 976 728 1041 prosiliatur
761 973 1010 1019 incendium
1031 1009 1041 1028 ,
1072 982 1113 1016 et
1141 972 1556 1032 religiosissimorum
1578 991 1751 1037 paupe-

375 1067 471 1096 rum
498 1043 788 1094 sustentacula
822 1043 985 1089 infelici
1010 1043 1139 1101 vulgo
1171 1042 1416 1106 diripienda
1448 1046 1747 1108 praebeantur,

377 1120 635 1182 sanguisque
655 1115 884 1170 fundatur,
906 1125 955 1160 tu
978 1115 1054 1177 qui
1081 1125 1166 1159 tuae
1185 1116 1371 1160 consulis
1394 1117 1585 1172 civitati,
1619 1133 1751 1179 quare

375 1191 529 1238 metuis
544 1186 726 1235 resecari
743 1223 754 1242 ,
781 1203 833 1231 ne
857 1183 1112 1230 omnimodo
1131 1185 1390 1247 impunitate
1409 1187 1650 1248 perniciosa
1671 1204 1750 1233 nu-

376 1265 533 1310 triatur
560 1272 603 1307 et
636 1260 864 1305 roboretur
891 1255 1071 1301 audacia
1088 1259 1106 1300 ζ)
1142 1256 1235 1301 Hoc
1262 1257 1387 1302 nobis
1423 1258 1603 1303 edissere
1621 1295 1632 1313 ,
1664 1258 1751 1303 hoc

374 1335 483 1381 doce
509 1327 1134 1393 circumspectadisputatione
1153 1325 1262 1389 quid
1290 1328 1391 1373 mali
1415 1328 1495 1379 sit„
1523 1327 1751 1388 diligenter

375 1404 546 1452 attende
569 1401 688 1465 quod
713 1399 899 1445 dicimus
919 1435 929 1454 ‚
953 1414 1007 1442 ne
1032 1397 1076 1442 id
1101 1396 1221 1460 quod
1246 1398 1371 1443 vobis
1395 1398 1607 1453 dicimus,
1634 1399 1750 1445 velut

372 1476 514 1539 specie
531 1470 706 1537 petendi
725 1466 1054 1532 quodammodo
1072 1468 1344 1513 accusatione
1367 1469 1546 1532 obliqua
1562 1470 1751 1529 objicere

376 1545 574 1594 videaris.

440 1617 514 1662 Vl.
547 1613 644 1659 Sint
666 1610 838 1657 honesti
856 1609 969 1655 cives
990 1609 1052 1654 tui
1073 1608 1223 1671 probis
1247 1610 1468 1663 moribus3
1492 1627 1577 1656 non
1595 1627 1750 1674 super-

374 1688 473 1734 fluis
496 1683 780 1732 facultatibus
801 1698 812 1725 ε
836 1696 923 1725 11011
947 1696 1017 1724 eos
1040 1678 1241 1724 volumus
1266 1679 1320 1724 ad
1348 1690 1538 1725 aratrum
1560 1682 1746 1738 Quirini,

373 1769 416 1805 et
444 1756 497 1804 ad
528 1752 718 1800 Fabricii
752 1750 898 1796 focum
932 1766 1010 1812 per
1042 1765 1118 1794 nos
1149 1748 1223 1794 illa
1247 1750 1512 1796 coercitione
1546 1751 1743 1814 perduci.

374 1830 472 1886 Qua
506 1832 765 1890 paupertate
794 1820 857 1866 illi
887 1821 1099 1865 Romanae
1129 1818 1388 1881 reipublicae
1419 1821 1639 1884 principes
1664 1838 1748 1866 non

371 1899 509 1945 solum
536 1913 621 1942 non
649 1893 870 1939 viluerunt
907 1890 1080 1935 civibus
1114 1889 1227 1943 suis,
1257 1888 1328 1934 sed
1353 1890 1411 1934 ob
1448 1907 1539 1934 eam
1574 1890 1750 1936 fuerunt

372 1969 597 2034 praecipue
620 1962 858 2015 chariores,
883 1971 924 2004 et
939 1960 1092 2022 patriae
1109 1959 1405 2017 gubernandis
1428 1961 1588 2022 opibus
1608 1961 1749 2024 aptio-

372 2058 451 2086 res.
481 2040 544 2084 ne
566 2033 674 2082 iilud
691 2031 868 2096 quidem
890 2042 1092 2092 optamus
1113 2039 1189 2073 aut
1208 2030 1372 2087 agimus
1388 2066 1399 2083 ‚
1423 2041 1471 2075 ut
1491 2031 1645 2093 patriae
1666 2042 1751 2077 tuae

372 2108 586 2155 divitibus
601 2104 716 2150 iliius
744 2101 905 2146 Russini
928 2100 994 2145 his
1012 2098 1227 2145 consulis‘l
1249 2101 1412 2158 argenti
1435 2101 1573 2146 solum
1600 2101 1749 2147 deceni

373 2178 523 2244 pondo
547 2182 820 2226 remaneant,
845 2172 965 2233 quod
993 2168 1388 2214 tunclaudabiiiter
1404 2187 1547 2216 severa
1572 2189 1750 2217 censura

375 2250 525 2297 adhuc
558 2243 839 2292 resecandum
867 2253 1075 2304 tanquam
1116 2240 1269 2285 vitium
1295 2240 1526 2299 judicavit.
1557 2243 1746 2288 'santum

375 2338 450 2367 nos
474 2314 743 2365 consuetudo
763 2312 975 2358 decoloris
991 2312 1127 2356 aetans
1146 2311 1328 2355 nimium
1350 2312 1562 2357 marcidas
1588 2315 1749 2358 animas

377 2391 523 2437 mitius
537 2396 804 2434 contrectare
818 2382 1067 2447 persuadet,
1089 2392 1136 2425 ut
1149 2381 1465 2426 mansuetudini
1477 2382 1748 2435 christianae,

371 2462 490 2526 quod
508 2460 592 2506 illis
610 2456 1037 2513 censoribusjustum
1061 2453 1199 2496 visum
1218 2463 1294 2503 est.v
1313 2452 1495 2496 nimium
1516 2453 1711 2498 videatur
1733 2471 1742 2497 :

371 2545 412 2579 et
455 2531 572 2578 vides
599 2544 729 2592 quam
757 2525 942 2571 inuitum
982 2522 1173 2570 intersit.
1225 2533 1368 2567 utrum
1405 2527 1493 2581 jam
1528 2523 1746 2584 punienda

416 2618 427 2638 ¹
451 2618 525 2647 Lov.
543 2611 754 2653 argenticnlus
770 2609 971 2650 decerpenio
988 2611 1158 2636 remaneat.
