1923 3280
95 332 189 430 S.
251 329 585 429 AUR.
657 327 1467 442 AUGUSTINI

467 513 824 555 HIPPONENSIS
861 514 947 553 EPI
954 514 1102 555 SCOPI

423 639 1144 726 EPISTOLAE.

613 794 853 841 CLASSIS
890 795 951 843 II.

97 924 137 937 Μ
144 926 228 940 swas
239 924 888 949 &Mum-mmmmmwkuwuwymvw
896 926 1073 952 mmmm
1081 927 1259 953 YWQW
1267 927 1487 954 mmytnwxwt

577 1014 844 1072 EPISTOLA
877 1015 966 1060 Lvl
985 1016 1016 1059 ¹.

127 1122 303 1172 Domino
332 1123 479 1173 eptimio
504 1123 730 1175 meritoque
762 1123 989 1168 honorabili
1019 1133 1058 1165 et
1085 1123 1349 1166 dilectissimo
1371 1128 1458 1168 filio

561 1184 730 1233 CELEm,
754 1186 1012 1229 Aucus'rfflus.

101 1284 379 1341 Augustinus
411 1283 471 1325 ad
499 1283 722 1332 Celerem,
746 1285 914 1338 jubens
938 1302 1037 1328 eum
1063 1287 1315 1331 litterarum
1334 1305 1484 1332 saera-

159 1366 262 1392 rum
284 1352 429 1393 studio
447 1351 699 1393 incumbere
715 1385 728 1402 ,
749 1362 795 1392 ut
815 1353 953 1395 diseat
968 1353 1083 1396 hane
1097 1355 1239 1397 vitam
1258 1357 1490 1401 collatione

159 1428 334 1460 aeterme
352 1434 438 1462 esse
454 1420 632 1477 fumum
653 1430 691 1462 et
713 1419 1056 1464 Donatistarum
1071 1434 1186 1467 secta
1202 1440 1244 1467 se
1267 1425 1452 1470 abdicet.

166 1530 200 1577 Ι.
230 1529 439 1580 Pnofflsst
455 1531 551 1589 ¹,mei
575 1542 617 1578 et
634 1542 722 1582 tuae
742 1532 979 1580 voluntatis
1005 1534 1236 1583 immemor
1257 1553 1348 1584 non
1371 1554 1481 1587 sum.

105 1598 190 1657 Sed
212 1600 423 1664 quoniam
442 1601 758 1658 visitandarum
778 1603 1060 1652 ecclesiarum
1093 1606 1148 1655 ad
1171 1625 1311 1654 meam
1346 1610 1488 1673 perti-

101 1671 297 1724 nentium
325 1688 478 1718 curam
508 1673 759 1722 necessitate
783 1674 1006 1737 profectus
1043 1693 1138 1725 sum
1159 1715 1170 1735 ‚
1198 1696 1278 1725 nec
1313 1696 1393 1743 per
1421 1698 1490 1727 me

101 1741 193 1804 ipse
235 1740 436 1800 debitum
480 1743 691 1789 continuo
730 1745 909 1791 reddere
943 1748 1103 1810 potui:
1134 1766 1202 1795 me
1239 1750 1322 1797 tibi
1346 1762 1491 1797 tamen

101 1811 266 1859 diutius
287 1811 445 1858 debere
468 1813 607 1869 nolui,
633 1815 753 1878 quod
776 1827 919 1879 posset
944 1828 985 1864 et
1018 1836 1086 1865 me
1113 1820 1304 1868 habente
1332 1822 1488 1868 redhi-

101 1882 208 1929 beri.
241 1882 432 1930 Proinde
458 1883 714 1930 charissimo
753 1886 841 1931 filio
868 1889 1130 1951 presbytero
1164 1891 1332 1954 Optato
1365 1892 1487 1938 dele-

102 1953 218 2013 gavi,
247 1964 295 1999 ut
315 1953 372 1998 eis
393 1953 514 1999 horis
537 1971 646 2019 quas
673 1956 755 2001 tibi
775 1960 1111 2020 opportuniores
1131 1960 1287 2007 videris
1307 1999 1318 2018 ,
1341 1974 1484 2008 tecum

103 2023 216 2083 legat
235 2041 282 2069 ea
300 2041 401 2087 quae
425 2024 650 2087 pollicitus
673 2043 769 2071 sum
786 2063 796 2083 ,
826 2045 925 2073 cum
954 2040 1094 2075 totum
1123 2031 1215 2076 fieri
1241 2049 1363 2095 posse
1383 2050 1484 2096 per-

103 2095 305 2139 senserit:
331 2095 417 2141 hoc
440 2095 569 2141 etiam
595 2096 812 2143 eximietas
844 2109 915 2144 tua
937 2117 1069 2163 quam
1094 2112 1213 2160 grate
1240 2105 1481 2167 acceperit,

103 2174 193 2218 tam
231 2165 416 2227 impigre
461 2175 589 2229 atque
626 2167 782 2212 acriter
816 2168 957 2215 facere
996 2171 1210 2219 suadebit.
1258 2173 1485 2230 Quantum

105 2244 247 2279 autem
268 2245 308 2279 te
343 2234 540 2294 diligam,
570 2235 909 2302 salubribusque
933 2241 1087 2287 studiis
1121 2242 1167 2287 in
1198 2260 1342 2289 rerum
1369 2244 1486 2291 divi-

103 2321 257 2350 narum
306 2316 436 2368 atquo
477 2305 768 2353 humanarum
815 2311 1061 2370 cognitione
1104 2313 1315 2360 oblectari
1359 2326 1487 2379 atque

106 2375 288 2420 exerceri
313 2376 441 2421 velim
466 2394 483 2432 ,·
505 2376 634 2422 credo
655 2379 774 2440 quod
803 2383 967 2443 optime
990 2383 1218 2443 intelligas.

174 2447 233 2492 ll.
260 2446 531 2492 Charitatem
552 2447 684 2493 officii
709 2451 792 2495 mei
826 2453 859 2497 si
883 2470 971 2497 non
1000 2455 1242 2517 aspernaris
1260 2493 1271 2512 ‚
1295 2473 1419 2519 spero
1444 2457 1489 2502 in

154 2553 163 2574 ¹
183 2553 267 2585 Alias
286 2565 454 2587 ccxxxvu.
478 2565 549 2597 quae
568 2562 672 2586 autem
707 2557 749 2586 56
778 2563 866 2595 erat,
886 2569 982 2591 nunc.
1006 2571 1016 2590 1
1030 2561 1082 2594 18.
1107 2579 1153 2584 —
1173 2562 1294 2606 Scripta
1311 2563 1391 2595 forte
1412 2565 1494 2597 eirca

106 2608 189 2665 idem
208 2615 342 2653 tempus.

1330 2687 1367 2715 l.
