1902 3268
344 274 425 304 112
742 272 775 301 s,
820 270 1058 302 auersum
1098 272 1297 301 Eriscom

334 354 489 398 magna
513 334 696 399 quaestio
728 346 806 391 est,
843 337 896 382 sit
934 354 986 382 ne
1022 336 1254 400 aliquando
1278 335 1448 382 mentiri
1473 335 1555 381 viri
1579 332 1702 390 boni,

332 410 420 455 imo
440 407 519 454 viri
535 406 788 461 Christiani,
809 407 1012 468 qualibus
1032 406 1198 451 dictum
1223 417 1284 452 cst
1306 424 1317 451 ε
1338 427 1358 448 «
1379 406 1444 451 Sit
1461 406 1505 451 in
1522 423 1594 452 ore
1610 423 1707 452 vcs-

332 502 353 522 »
375 490 468 525 tro:
498 478 589 531 Est,
622 486 707 528 est3
734 477 847 531 Non,
870 494 958 521 non
991 494 1002 521 :
1037 487 1190 521 utnon
1228 477 1308 522 sub
1340 476 1507 535 judicio
1532 476 1707 522 decida-

333 571 354 591 »
385 548 495 594 tis1P
516 568 536 587 »
562 547 617 590 Et
635 544 711 608 qui
737 562 834 590 cum
865 545 949 590 fide
968 545 1152 591 audiunt
1176 563 1187 589 ι
1216 546 1411 591 «Perdes
1435 564 1605 604 omnes,
1630 546 1706 610 qui

334 640 354 661 »
374 618 615 679 loquuntur
634 614 910 661 mendacium
929 616 961 663 2,
993 637 1012 657 >³

396 687 543 733 XXII.
570 685 653 730 Sed
674 685 789 741 boec,
810 686 976 741 utdixi,
999 696 1040 732 et
1060 686 1140 732 alia
1154 697 1194 732 et
1209 704 1362 746 magna
1381 687 1562 750 quaestio
1579 697 1642 733 est
1661 687 1706 732 3:

337 759 464 819 eligat
484 755 604 820 quod
640 755 843 812 voluerit,
869 757 946 820 qui
974 757 1060 802 hoc
1078 757 1307 813 existimat,
1335 757 1413 802 ubi
1437 758 1670 803 mentiatur
1695 774 1706 801 ι

333 829 440 875 dum
457 838 598 872 tamen
612 844 632 871 a
648 826 951 872 Scribentibus
972 827 1225 873 auctoribus
1240 837 1487 872 sanctarum
1512 827 1711 890 Scriptu-

333 914 500 953 rarum,
526 906 568 941 et
586 896 769 941 maxime
791 897 1120 953 canonicarum,
1141 897 1395 943 inconcusse
1430 896 1649 952 credatur,
1669 907 1712 942 et

335 967 593 1016 defendatur
620 967 797 1012 omnino
822 968 966 1013 abesse
1003 967 1280 1013 mendacium
1299 985 1378 1013 :ne
1399 967 1713 1030 dispensatores

337 1038 522 1094 Christi,
543 1037 596 1083 de
620 1038 782 1101 quibus
805 1037 972 1084 dictum
1000 1049 1061 1084 est
1083 1056 1092 1083 :
1118 1060 1137 1079 α
1162 1039 1353 1097 Hicjam
1372 1038 1588 1102 quaeritur
1603 1037 1713 1083 inter

334 1112 667 1174 dispensatores,
688 1119 736 1153 ut
751 1108 888 1153 fidelis
903 1109 1000 1172 quis
1020 1109 1266 1154 inveniatur
1280 1108 1316 1164 4,
1340 1131 1357 1150 »
1374 1119 1581 1173 tanquam
1598 1125 1713 1168 mag-

334 1198 439 1228 num
464 1178 631 1242 aliquid
650 1178 733 1223 sibi
758 1177 942 1224 fideliter
959 1178 1160 1224 didicisse
1185 1178 1431 1232 videantur,
1455 1195 1537 1241 pro
1556 1178 1713 1224 verita-

336 1255 389 1300 tis
411 1251 729 1316 dispensatione
747 1251 936 1306 mentiri,
965 1268 1063 1296 cum
1080 1250 1173 1313 ipsa
1192 1249 1298 1295 fides
1317 1250 1508 1295 inlatino
1523 1266 1716 1295 sermone

337 1326 392 1371 ab
411 1341 460 1370 eo
487 1322 659 1368 dicatur
683 1322 919 1386 appellata,
937 1322 1040 1385 quia
1054 1323 1103 1366 fit
1120 1320 1240 1385 quod
1260 1320 1436 1368 dicitur.
1466 1320 1553 1366 Ubi
1572 1331 1716 1366 autem

335 1397 402 1452 fit,
436 1392 553 1458 quod
579 1393 758 1449 dicitur,
779 1392 1017 1438 mentiendi
1034 1394 1184 1456 utique
1202 1409 1289 1437 non
1312 1402 1375 1437 est
1398 1391 1532 1438 locus.
1561 1390 1718 1436 Fidelis

336 1467 470 1527 igitur
502 1464 771 1527 dispensator
802 1463 1022 1527 apostolus
1057 1463 1218 1509 Paulus
1242 1462 1396 1525 procul
1430 1462 1568 1508 dubio
1591 1461 1718 1508 nobis

335 1535 511 1583 exhibet
543 1534 584 1578 in
615 1534 846 1579 scribendo
879 1534 1008 1579 fidem
1037 1550 1048 1578 :
1083 1533 1186 1596 quia
1219 1532 1408 1579 veritatis
1445 1532 1717 1596 dispensator

337 1617 446 1660 erat,
482 1622 571 1650 non
612 1603 822 1650 salsitatis.
851 1605 913 1649 Ac
934 1621 1012 1667 per
1044 1603 1131 1648 hoc
1156 1620 1306 1649 verum
1345 1603 1536 1665 scripsit,
1562 1601 1717 1648 vidisse

335 1696 378 1725 se
401 1679 580 1722 Petrum
605 1691 692 1719 non
716 1685 830 1719 recte
858 1673 1170 1733 ingredientem
1202 1673 1256 1718 ad
1271 1673 1496 1719 veritatem
1516 1674 1717 1732 Evange-

337 1748 385 1794 lii
413 1747 536 1808 eique
559 1744 604 1789 in
622 1743 776 1789 faciem
803 1744 1020 1799 restitisse,
1049 1743 1169 1806 quod
1197 1753 1341 1803 gentes
1382 1741 1715 1803 cogeretjuda'i-

338 1835 433 1864 zare
459 1816 492 1862 5.
525 1817 623 1878 lpse
641 1831 740 1860 vero
766 1816 935 1869 Petrus,
967 1815 1087 1877 quod
1114 1832 1135 1859 a
1157 1813 1294 1859 Paulo
1322 1814 1454 1859 fiebat
1480 1813 1641 1859 utiliter
1658 1813 1717 1859 li·-

338 1889 506 1934 bertate
535 1885 778 1940 charitatis,
806 1896 966 1930 sanctae
992 1902 1042 1930 ac
1062 1884 1264 1943 benignae
1278 1884 1437 1946 pietate
1460 1883 1719 1930 humilitatis

342 1957 540 2020 accepit:
575 1966 704 2017 atque
728 1956 784 2000 ita
809 1955 946 2000 rarius
979 1966 1021 2000 et
1044 1956 1232 2000 sanctius
1259 1955 1502 2017 exemplum
1536 1954 1718 2017 posteris

336 2026 549 2093 praebuit,
569 2042 657 2088 quo
677 2042 763 2070 non
784 2024 1140 2084 dedignarentur,
1167 2025 1308 2070 sicubi
1325 2025 1434 2071 forte
1451 2026 1556 2071 recti
1573 2024 1719 2070 trami-

341 2110 427 2145 tem
455 2097 741 2160 reliquissent,
783 2096 911 2140 ctiam
944 2114 966 2141 a
997 2096 1311 2159 posterioribus
1349 2096 1538 2155 corrigi3
1586 2111 1718 2158 quam

339 2168 520 2223 Paulus,
540 2183 629 2230 quo
650 2166 920 2212 cort-fidenter
955 2167 1162 2213 auderent
1188 2167 1315 2212 etiam
1338 2167 1523 2212 minores
1539 2165 1718 2226 majori-

339 2240 423 2285 bus
441 2254 521 2301 pro
560 2235 830 2282 defendenda
864 2237 1123 2296 Evangelica
1164 2238 1361 2293 veritate,
1390 2237 1506 2282 salva
1527 2235 1719 2281 fraterna

339 2309 553 2355 charitate
569 2306 773 2353 resistere.
803 2306 913 2350 Nam
939 2323 1040 2352 cum
1070 2307 1201 2352 satius
1221 2308 1291 2362 sit,
1322 2325 1345 2351 a
1366 2305 1547 2352 tenendo
1566 2305 1718 2351 itinere

338 2380 384 2426 in
406 2377 547 2433 nullo,
573 2393 704 2440 quam
724 2377 769 2422 in
787 2375 933 2440 aliquo
957 2376 1198 2432 ‹leclinare3
1226 2376 1364 2422 multo
1391 2387 1451 2422 est
1468 2387 1611 2422 tamen
1631 2375 1719 2421 mi-

338 2448 519 2496 rabilius
541 2456 584 2491 et
614 2445 898 2501 laudabilius,
936 2447 1123 2493 libenter
1164 2449 1360 2511 accipere
1400 2447 1714 2507 corrigentem,

388 2550 397 2572 ι
414 2546 525 2580 Jacob.
542 2557 573 2586 v,
595 2544 824 2584 12,etMauh.
843 2557 871 2585 v,
891 2549 946 2585 37.
970 2564 1012 2571 —
1031 2545 1046 2567 ⁴²
1065 2545 1147 2580 Psat.
1165 2557 1194 2590 v,
1214 2558 1243 2586 7.
1261 2565 1301 2571 -
1329 2543 1343 2570 3
1360 2545 1443 2579 Beda
1462 2546 1542 2587 vulg.
1558 2545 1661 2578 Galat.
1684 2557 1715 2580 a.

341 2625 381 2634 --
399 2602 413 2628 ⁴
434 2616 445 2636 x
468 2605 541 2635 Cor.
563 2613 605 2639 iv,
626 2614 656 2635 ιε.
674 2618 718 2626 -
733 2600 745 2624 ⁵
766 2602 868 2634 Galat.
888 2613 922 2641 11,
948 2608 997 2638 μς.
