1902 3268
564 607 831 652 EPISTOLA
866 606 1029 650 CXXX
1047 606 1078 649 ¹.

136 722 381 761 Aucus-rmus
413 723 615 774 episcopus
649 735 785 761 servus
818 720 986 769 Clu-isti,
1019 734 1310 773 servorumque
1344 721 1510 771 Christi,

187 783 378 836 religiosae
410 783 570 824 fainulae
600 783 674 825 Dei
702 782 843 822 Pnonffi
863 784 969 831 (60),
1004 782 1044 820 in
1063 781 1237 821 Domino
1254 781 1515 823 dominorum

187 844 369 885 salutem.

139 975 417 1034 Augustinus
451 972 606 1016 Proboe
649 973 799 1015 viduae
844 972 980 1015 diviti
1017 972 1266 1029 prce-scribit
1296 974 1513 1028 quomodo

610 1042 666 1083 sit
688 1041 886 1083 orandus
908 1042 1039 1084 Deus.

207 1192 243 1239 Ι.
261 1191 325 1238 ΕΤ
338 1190 493 1254 petisse
508 1201 548 1236 te
568 1201 610 1236 et
633 1191 880 1255 promisisse
899 1208 967 1237 me
983 1191 1194 1249 recolens,
1215 1201 1264 1238 ut
1285 1191 1340 1238 de
1353 1192 1517 1240 orando

137 1264 230 1310 Deo
270 1260 325 1307 ad
348 1270 389 1306 te
412 1260 578 1324 aliquid
600 1262 853 1317 scriberem,
892 1261 970 1307 ubi
1006 1261 1225 1307 tribuente
1262 1261 1358 1325 ipso
1388 1280 1518 1327 quem

137 1347 328 1388 oramus,
357 1340 529 1394 tempus
552 1331 824 1395 facultasque
846 1348 1049 1378 concessa
1073 1342 1150 1387 est,
1169 1332 1363 1395 oportuit
1387 1332 1521 1380 utde-

136 1402 283 1449 bitum
297 1418 442 1447 meum
455 1404 727 1465 jamjamque
746 1402 1057 1466 persolverem,
1073 1413 1114 1448 et
1130 1402 1205 1465 pio
1225 1402 1369 1449 studio
1390 1414 1463 1450 tuo
1475 1404 1522 1450 in

139 1471 310 1519 Christi
334 1470 546 1517 charitate
567 1472 785 1518 servirem.
816 1472 960 1529 Quam
977 1489 1045 1517 me
1061 1482 1203 1517 autem
1234 1472 1523 1521 laetificaverit

136 1544 232 1609 ipsa
254 1542 409 1608 petitio
434 1551 510 1588 tua
526 1542 572 1588 in
592 1559 680 1606 qua
704 1543 889 1604 cognovi
908 1553 1117 1606 quantam
1135 1542 1196 1589 rei
1214 1553 1347 1590 tantae
1368 1560 1518 1591 curam

137 1614 265 1676 geris,
301 1612 447 1660 verbis
476 1612 690 1676 explicare
715 1630 802 1659 non
825 1630 1018 1676 possum.
1054 1612 1189 1670 Quod
1226 1613 1343 1659 enim
1379 1618 1523 1675 maJus

138 1684 336 1750 oportuit
358 1699 445 1730 esse
463 1683 686 1743 negotium
728 1683 954 1731 viduitatis
994 1695 1108 1740 tuae,
1131 1700 1265 1748 quam
1295 1685 1520 1748 persistere

137 1757 185 1804 in
201 1755 396 1802 oratione
426 1764 554 1800 nocte
575 1772 625 1801 ac
645 1754 732 1812 die,
756 1754 998 1802 secundum
1023 1753 1223 1818 Apostoli
1249 1754 1517 1802 admonitio-

137 1829 265 1875 nem?
296 1824 375 1871 Ille
398 1824 566 1889 quippe
593 1825 684 1870 ait:
711 1846 731 1866 <‹
754 1825 867 1882 Quae
907 1834 1052 1871 autem
1087 1841 1186 1870 vere
1209 1823 1344 1871 vidua
1374 1835 1437 1871 est
1469 1836 1513 1872 et

138 1919 161 1941 »
185 1894 375 1943 desolata
390 1931 401 1950 ‚
425 1894 615 1958 speravit
645 1894 689 1940 in
718 1895 928 1952 Domino,
952 1905 993 1940 et
1015 1894 1204 1958 persistit
1240 1894 1287 1940 in
1322 1895 1517 1942 oratione

139 1991 161 2013 »
178 1977 306 2015 nocte
329 1983 380 2013 ac
395 1965 466 2011 die
484 1965 518 2012 2.
546 1986 565 2006 n
587 1964 711 2011 Unde
736 1965 895 2012 mirum
917 1964 1054 2012 videri
1071 1975 1229 2029 potest,
1253 1982 1353 2012 cum
1377 1966 1432 2012 sis
1454 1984 1517 2013 se-

139 2036 334 2086 cundum
352 2035 442 2081 hoc
464 2033 674 2081 saeculum
693 2034 872 2092 nobilis,
912 2035 1049 2092 diveS‚
1084 2045 1303 2100 tantaeque
1342 2036 1516 2084 familiae

138 2118 275 2156 mater
289 2127 302 2162 ;
315 2116 358 2153 et
379 2105 476 2152 ideo
489 2103 591 2150 licet
607 2104 758 2162 vidua,
779 2115 1031 2152 nontamen
1050 2104 1240 2153 desolata
1258 2124 1268 2152 ε
1288 2107 1511 2171 quomodo

139 2176 425 2242 occupaverit
465 2192 543 2221 cor
590 2186 716 2221 tuum
755 2176 1068 2239 praecipueque
1109 2177 1194 2222 sibi
1225 2177 1516 2226 vindicaverit

139 2248 296 2296 orandi
330 2263 452 2303 cura,
485 2245 568 2290 nisi
588 2245 691 2307 quia
709 2245 950 2308 prudenter
971 2246 1198 2307 intelligis,
1220 2247 1340 2310 quod
1363 2248 1409 2294 in
1425 2249 1512 2296 hoc

139 2318 306 2367 mundo
325 2328 367 2364 et
388 2318 435 2363 in
453 2316 538 2362 hac
556 2315 645 2363 vita
669 2316 790 2362 nulla
814 2317 958 2362 anima
975 2316 1112 2380 possit
1129 2333 1216 2363 esse
1229 2334 1394 2366 secura.

190 2390 250 2436 11.
274 2385 466 2435 Proinde
477 2385 553 2450 qui
571 2385 654 2431 tibi
673 2401 767 2431 eam
779 2385 1084 2446 cogitationem
1097 2385 1235 2446 dedit,
1248 2387 1445 2451 profecto
1458 2388 1513 2436 fa-

141 2459 203 2508 cit
222 2458 344 2525 quod
361 2455 599 2521 Discipulis
616 2456 702 2502 suis
724 2472 813 2502 non
828 2473 910 2520 pro
930 2472 972 2502 se
985 2456 1107 2520 ipsis,
1128 2457 1202 2503 sed
1221 2475 1304 2522 pro
1315 2459 1513 2506 humano

190 2558 202 2582 ¹
225 2557 313 2590 Alias
341 2567 430 2590 cxxi.
466 2564 536 2598 quae
564 2557 672 2587 autem
709 2555 769 2586 130
797 2558 885 2599 erat,
919 2562 1007 2589 nunc
1046 2559 1128 2593 ιω.
1157 2571 1204 2580 —
1234 2555 1357 2600 Scripta
1377 2567 1429 2590 an.
1451 2560 1517 2593 [ιιι

143 2619 200 2647 aut
221 2619 300 2652 4¹2·
318 2630 360 2636 -
377 2610 394 2633 ²
417 2623 429 2644 1
450 2610 535 2643 Tim.
556 2619 587 2649 v,
604 2609 638 2644 5.

273 2682 417 2713 exivi.
1333 2667 1396 2714 30
