1902 3268
351 303 445 358 402
764 317 798 349 s,
842 315 1088 353 mensum
1120 319 1325 354 muscum

348 383 588 447 Ipsumque
616 381 765 430 lumen
783 419 794 436 ‚
820 400 912 447 quo
934 397 1095 434 cuncta
1114 388 1193 435 ista
1221 387 1534 447 discernimus,
1567 390 1613 438 in
1640 407 1730 456 quo

347 453 478 500 nobis
496 453 598 500 satis
618 464 799 516 apparet
819 454 926 516 quid
944 456 1172 505 credamus
1185 459 1456 520 incognitum
1471 496 1482 516 ‚
1506 461 1612 524 quid
1631 480 1731 524 cog-

345 524 487 571 nitum
517 535 764 580 teneamus,
808 541 942 586 quam
975 526 1162 574 sormam
1195 530 1392 593 corporis
1432 531 1728 590 recordemur,

346 611 478 659 quam
499 594 764 655 cogitatione
798 595 1038 656 fingamus,
1067 600 1174 662 quid
1200 601 1396 663 corporis
1419 618 1562 647 sensus
1593 604 1730 650 attin-

344 677 441 728 gat,
462 666 570 731 quid
589 666 850 726 imaginetur
871 668 1040 715 animus
1059 671 1196 719 simile
1211 672 1411 735 corpori,
1433 671 1540 734 quid
1558 685 1726 723 certum

340 750 384 786 et
403 739 598 785 omnium
614 753 850 801 corporum
867 737 1203 789 dissimillimum
1226 743 1510 802 intelligentia
1533 754 1725 791 contem-

339 809 487 874 pletur
502 827 513 856 ε
529 809 616 855 hoc
629 825 730 869 ergo
752 807 901 855 lumen
921 810 995 855 ubi
1011 810 1108 857 haec
1125 824 1283 860 cuneta
1303 812 1329 859 d
1340 813 1621 872 iJudicantur‚
1635 832 1722 862 non

342 882 521 946 utique,
559 880 672 926 sicut
703 879 838 940 hujus
877 880 975 927 solis
1002 891 1044 929 et
1073 887 1285 950 cujusque
1314 884 1513 948 corporei
1546 884 1727 933 luminis

340 951 504 1013 fulgor,
524 968 605 1015 per
620 950 773 997 localia
792 951 931 1014 spatia
948 953 1292 1020 circumquaque
1307 955 1585 1012 diffunditur,
1606 972 1725 1004 men·

339 1033 514 1086 temque
537 1032 731 1068 nostram
756 1021 879 1084 quasi
902 1022 1061 1069 visibili
1087 1025 1274 1072 candore
1306 1026 1496 1072 illustrat
1513 1062 1524 1080 ‚
1555 1025 1626 1073 sed
1652 1025 1726 1073 in-

341 1093 566 1140 visibiliter
586 1103 629 1138 et
659 1091 956 1149 ineffabiliter,
989 1104 1030 1139 et
1063 1104 1203 1142 tamen
1223 1095 1557 1156 intelligibiliter
1579 1094 1721 1154 lucet,

342 1175 521 1228 tamque
545 1162 675 1209 nobis
699 1173 866 1209 certum
893 1174 956 1210 est
974 1199 986 1221 ,
1015 1181 1145 1227 quam
1165 1167 1292 1213 nobis
1309 1166 1441 1216 efficit
1462 1176 1602 1223 certa,
1624 1182 1726 1230 quae

337 1236 577 1284 secundum
605 1234 750 1298 ipsum
770 1244 931 1280 cuncta
951 1236 1262 1299 conspicimus,

402 1308 482 1356 XI.
511 1307 625 1352 Cum
652 1305 784 1366 igitur
805 1305 887 1350 tria
913 1305 1001 1353 sint
1026 1324 1171 1353 rerum
1196 1325 1350 1368 genera
1376 1324 1478 1371 quae
1498 1305 1721 1364 videntur,

336 1395 474 1426 unum
501 1375 797 1440 corporalium
815 1413 826 1432 ‚
860 1375 973 1422 sicut
1006 1377 1094 1424 hoc
1125 1379 1289 1424 coelum
1318 1389 1360 1424 et
1383 1379 1481 1424 haec
1509 1387 1644 1433 terra,
1680 1386 1725 1422 et

337 1448 557 1514 quidquid
577 1449 622 1496 in
639 1448 698 1493 eis
716 1463 953 1510 corporeus
971 1463 1118 1495 sensus
1139 1450 1278 1495 cernit
1291 1460 1333 1497 et
1353 1448 1487 1508 tangit
1504 1468 1516 1502 ;
1540 1447 1724 1494 alterum

336 1520 474 1568 simile
498 1518 831 1583 corporalibus,
862 1517 976 1566 sicut
1001 1528 1101 1565 sunt
1128 1536 1176 1565 ea
1204 1536 1304 1583 quae
1336 1519 1494 1583 spiritu
1527 1518 1727 1578 cogitata

336 1590 645 1649 imaginamur,
669 1589 757 1635 sive
777 1588 1003 1636 recordata
1023 1587 1091 1635 vel
1115 1589 1251 1636 oblita
1266 1591 1388 1654 quasi
1408 1606 1595 1652 corpora
1617 1605 1722 1634 con·

335 1672 532 1718 tuemur,
556 1660 673 1708 unde
688 1669 788 1706 sunt
813 1659 941 1707 etiam
965 1658 1150 1715 visiones
1171 1677 1271 1723 quae
1288 1660 1357 1707 vel
1380 1661 1425 1706 in
1444 1659 1604 1705 somnis
1621 1692 1631 1710 ‚
1655 1656 1725 1707 vel

336 1733 383 1780 in
407 1732 556 1796 aliquo
580 1730 738 1779 mentis
761 1747 931 1777 excessu
950 1766 962 1786 ,
989 1729 1059 1775 his
1082 1731 1209 1793 quasi
1232 1730 1448 1777 localibus
1473 1727 1728 1793 quantitati-

337 1804 423 1851 bus
457 1803 745 1864 ingeruntur;
774 1801 952 1848 tertium
989 1800 1046 1848 ab
1078 1810 1266 1865 utroque
1303 1801 1569 1856 discretum,
1604 1797 1726 1864 quod

335 1890 477 1938 neque
494 1874 548 1920 sit
567 1889 729 1937 corpus
745 1909 757 1930 ,
781 1888 921 1936 neque
944 1871 1077 1917 ullam
1095 1871 1258 1918 habeat
1277 1871 1606 1921 similitudinem
1627 1886 1725 1917 cor-

336 1945 480 2010 poris,
505 1944 619 1991 sicut
637 1954 698 1990 est
718 1943 953 2006 sapientia,
982 1958 1083 2006 quae
1101 1953 1245 1989 mente
1263 1943 1482 1990 intellecta
1499 1939 1726 2003 conspici-

337 2027 427 2073 tur,
456 2026 497 2062 et
513 2015 556 2061 in
571 2018 700 2074 qu'us
718 2014 816 2060 luce
839 2013 892 2060 de
910 2013 979 2059 his
1004 2013 1209 2059 omnibus
1235 2014 1444 2060 veraciter
1462 2011 1722 2072 judicatur:

338 2087 384 2133 in
407 2103 496 2150 quo
515 2086 697 2131 istorum
723 2102 874 2145 genere
895 2083 1162 2130 credendum
1198 2095 1260 2130 est
1292 2102 1377 2130 esse
1411 2084 1564 2137 istam,
1591 2098 1724 2145 quam

339 2174 462 2204 nosse
485 2156 690 2203 volumus
708 2193 720 2213 ‚
747 2155 1038 2202 Trinitatem?
1066 2154 1269 2201 Profecto
1290 2154 1425 2201 autin
1453 2153 1626 2216 aliquo9
1653 2162 1727 2199 aut

338 2229 384 2275 in
407 2228 546 2275 nullo.
578 2227 626 2273 Si
657 2228 703 2273 in
739 2227 911 2290 aliquo,
936 2243 986 2271 eo
1014 2225 1165 2288 utique
1198 2226 1316 2289 quod
1340 2235 1402 2271 est
1435 2224 1530 2271 aliis
1552 2222 1727 2270 duobus

338 2299 646 2365 praestantius,
671 2298 782 2344 sicut
805 2309 868 2343 est
896 2297 1138 2360 sapientia3
1163 2297 1283 2360 quod
1308 2297 1342 2342 si
1369 2295 1536 2341 donum
1566 2297 1657 2353 eJ'us
1679 2293 1727 2341 in

340 2371 468 2416 nobis
487 2380 574 2425 est,
600 2379 643 2414 et
661 2368 805 2414 minus
830 2379 892 2414 est
911 2384 1042 2430 quam
1071 2366 1146 2412 illa
1168 2383 1337 2413 summa
1362 2377 1403 2412 et
1428 2366 1727 2411 incommuta-

339 2442 441 2487 bilis
457 2479 468 2497 ,
489 2458 588 2504 quae
602 2440 682 2486 Dei
704 2440 926 2503 Sapientia
942 2439 1122 2494 dicitur,
1151 2448 1259 2502 puto
1278 2438 1396 2502 quod
1413 2454 1498 2484 non
1518 2435 1727 2482 debemus

341 2513 458 2558 dono
493 2529 581 2580 suo‘
606 2509 783 2557 inferius
822 2511 1012 2571 cogitare
1038 2510 1276 2556 donantem
1295 2546 1306 2565 ‚
1337 2509 1371 2554 si
1402 2518 1544 2554 autem
1571 2503 1727 2567 aliquis

340 2582 546 2648 splendor
571 2586 661 2642 ejus
679 2583 723 2627 in
748 2582 875 2628 nobis
895 2592 956 2627 est
974 2619 984 2637 ‚
1010 2599 1111 2645 quae
1143 2591 1288 2626 nostra
1313 2578 1521 2642 sapientia
1541 2576 1721 2630 dicitur,

340 2663 748 2720 quantumcumque
767 2656 858 2710 eius
870 2670 949 2715 per
968 2650 1194 2713 speculum
1211 2649 1312 2694 etin
1335 2648 1561 2706 aenigmate
1571 2659 1727 2707 capere
