1902 3268
647 318 859 351 musrom
895 320 993 350 cxx.
1420 319 1513 385 399

139 402 259 434 mum
277 385 374 443 Dei,
400 384 519 451 quod
539 383 772 450 sapientius
789 395 830 453 et
854 384 1010 432 fortius
1020 397 1082 433 est
1104 387 1376 453 hominibus,
1397 398 1510 447 inter

137 455 271 504 electa
292 454 422 502 stulta
441 466 482 502 et
501 455 671 503 infirma
697 456 847 503 fierent
866 457 1075 505 veraciter
1092 461 1325 525 sapientes,
1347 477 1388 514 et
1412 470 1507 518 effi-

137 529 297 576 caciter
314 527 458 574 fortes.

199 597 300 646 Vll.
320 597 404 645 Cui
422 607 565 645 autem
585 596 665 643 nisi
679 597 912 645 verissimae
931 600 1088 646 rationi
1107 601 1245 651 fidelis
1265 607 1401 670 pietas
1415 628 1516 673 erut..

132 669 290 729 bescit‚
308 678 356 716 ut
374 667 610 734 quamdam
634 667 942 727 idololatriam,
968 686 1099 734 quam
1122 673 1167 719 in
1191 678 1322 725 corde
1358 694 1507 730 nostro

130 760 179 790 ex
200 738 514 789 consuetudine
536 738 776 786 visibilium
807 740 1070 788 constituere
1090 756 1275 793 conatur
1295 749 1505 800 humanae

131 811 404 873 cogitationis
431 810 676 868 infirmitas,
702 827 790 856 non
811 809 1063 858 dubitemus
1088 825 1298 873 evertere;
1326 838 1404 868 nec
1424 840 1506 871 au..

128 883 308 930 deamus
329 880 520 938 credere,
543 881 602 927 ita
620 897 706 927 esse
726 880 1001 937 Trinitatem,
1026 898 1159 946 quam
1181 885 1442 939 invisibilem
1465 905 1508 942 et

123 954 428 1018 incorpoream
451 962 578 1015 atque
594 950 1000 997 incommutabilem
1036 953 1238 1014 colimus,
1258 962 1382 1025 quasi
1421 976 1504 1013 tres

92 1085 94 1087 Ι
125 1025 336 1089 quasdam
355 1024 544 1072 viventes
564 1022 722 1078 moles3
747 1022 849 1069 licet
875 1024 1079 1072 maximas
1099 1037 1140 1072 et
1161 1029 1497 1096 pulcherrimas,

125 1112 304 1143 suorum
322 1105 467 1142 tamen
477 1094 627 1159 spatiis
644 1093 836 1160 propriis
849 1095 1097 1144 terminatas
1115 1109 1156 1145 et
1171 1101 1344 1152 sibimet
1361 1108 1405 1154 in
1418 1109 1504 1156 suis

123 1167 231 1214 locis
252 1166 456 1229 contigua
470 1167 800 1231 propinquitate
822 1165 1105 1223 cohaerenteS‚
1141 1170 1229 1218 sive
1254 1190 1338 1223 una
1354 1195 1502 1227 earum

125 1238 243 1286 sitin
278 1237 424 1285 medio
444 1239 698 1295 constituta,
727 1247 776 1284 ut
800 1237 908 1284 duas
932 1238 1108 1287 dirimat
1123 1241 1206 1289 sibi
1224 1261 1271 1292 ex
1290 1246 1524 1299 lateribus.

121 1309 300 1371 singulis
311 1313 502 1372 junctas,
520 1309 608 1356 sive
631 1309 677 1355 in
693 1307 875 1355 modum
894 1308 1053 1370 trigoni
1066 1309 1175 1359 duas
1197 1328 1372 1367 caeteras
1396 1338 1501 1368 una.

121 1397 308 1447 quaeque
322 1380 564 1441 contingat,
591 1391 639 1426 ut
662 1379 780 1426 nulla
818 1380 872 1426 ab
907 1380 1047 1445 aliqua
1067 1397 1302 1448 separetur,
1323 1409 1500 1440 earum-

118 1469 204 1517 que
218 1450 351 1497 trium
375 1460 594 1496 tantarum
610 1467 659 1496 ae
676 1448 829 1496 talium
849 1467 1150 1514 personarum,
1165 1454 1266 1504 licet
1282 1461 1326 1507 in
1344 1463 1500 1523 grandi

118 1521 264 1580 valde,
290 1520 480 1568 molibus
500 1532 643 1567 tamen
664 1539 687 1568 a
717 1538 890 1568 summo
913 1532 955 1567 et
970 1522 1059 1569 imo
1093 1535 1134 1570 et
1155 1526 1497 1599 circumquaque

120 1593 472 1648 terminatarum,
502 1609 634 1638 unam
674 1609 760 1639 esse
777 1592 1050 1639 divinitatem
1071 1594 1260 1661 aliquam
1295 1600 1525 1666 quartam*

117 1681 197 1711 nec
221 1662 513 1728 talem1qualis
533 1673 593 1709 est
621 1662 765 1727 aliqua
791 1680 836 1709 ex
852 1662 953 1720 illiS,
972 1664 1044 1710 sed
1059 1683 1334 1719 communem
1358 1678 1498 1722 omni-

115 1736 200 1782 bus
241 1745 448 1799 tanquam
479 1751 640 1781 numen
679 1735 898 1791 omnium,
927 1746 968 1780 et
991 1735 1037 1781 in
1056 1740 1260 1788 omnibus
1281 1754 1322 1790 et
1346 1745 1391 1791 in
1406 1747 1498 1794 sin-

116 1805 228 1867 gulis
270 1815 430 1862 totum,
457 1823 536 1869 per
580 1822 710 1869 quam
739 1821 871 1851 unam
905 1804 1177 1856 divinitatem
1208 1811 1380 1862 dicatur
1420 1836 1496 1864 ea-

115 1876 216 1924 dem
242 1876 432 1923 Trinitas
451 1892 562 1922 unus
586 1877 727 1930 Deus;
750 1880 928 1940 ejusque
954 1888 1039 1924 tres
1057 1897 1263 1943 personas
1282 1903 1496 1952 nusquam

114 1965 201 1995 esse
228 1947 309 1995 nisi
329 1948 375 1995 in
399 1947 540 2004 coelis,
581 1947 700 1994 illam
736 1963 837 1994 vero
861 1948 1133 1997 divinitatem
1168 1972 1383 2020 nusquam
1407 1979 1496 2008 non

113 2037 218 2077 esse,
243 2018 317 2066 sed
350 2018 517 2083 ubique
545 2029 827 2083 praesentem,
851 2037 900 2066 ac
933 2038 1011 2084 per
1044 2021 1131 2068 hoc
1168 2037 1282 2073 recte
1319 2030 1497 2093 quidem

113 2091 219 2146 dici,
243 2092 388 2138 Deum
410 2101 452 2136 et
472 2090 518 2136 in
541 2091 656 2137 coelo
679 2108 766 2138 esse
788 2102 830 2137 et
858 2092 905 2137 in
922 2103 1052 2151 terra,
1082 2108 1265 2160 propter
1280 2099 1402 2148 illam
1424 2103 1496 2150 di-

112 2152 339 2210 finitatem
364 2179 464 2226 quae
489 2161 655 2226 ubique
678 2162 749 2219 sit,
776 2162 1006 2228 tribusque
1030 2169 1298 2226 communi53
1319 2190 1407 2219 non
1422 2192 1494 2221 au-

113 2243 201 2279 tem
215 2242 330 2279 recte
350 2231 458 2290 dici,
484 2231 657 2279 Patrem
685 2250 771 2279 esse
797 2233 842 2279 in
879 2245 991 2281 terra
1021 2236 1085 2282 vel
1106 2237 1264 2286 Filium
1292 2243 1361 2289 vel
1385 2245 1493 2309 Spi-

113 2303 248 2351 ritum
269 2313 489 2360 sanctum,
508 2320 607 2349 cum
635 2303 742 2350 huic
762 2305 968 2352 Trinitati
991 2306 1108 2354 sedes
1124 2311 1295 2358 nonnisi
1315 2314 1359 2360 in
1378 2316 1492 2363 coelo

115 2374 183 2422 sit.
213 2375 348 2422 Istam
371 2374 643 2435 cogitationis
666 2374 683 2403 ¹
708 2375 892 2422 carnalis
920 2378 1279 2440 compositionem
1310 2401 1493 2433 vanum-

113 2463 198 2511 que
222 2447 479 2508 figmentum
505 2446 584 2492 ubi
608 2462 706 2492 vera
730 2445 840 2491 ratio
866 2445 1129 2494 labefactare
1149 2449 1324 2516 incipit,
1347 2457 1493 2503 conti-

111 2534 201 2564 nuo
236 2517 314 2564 illo
348 2517 466 2563 intus
501 2516 736 2578 adjuvante
778 2527 905 2581 atque
942 2517 1242 2580 illuminante,
1279 2525 1355 2589 qui
1390 2532 1497 2575 cum

113 2586 272 2636 lalibus
288 2587 416 2635 idolis
442 2587 488 2634 in
508 2586 640 2634 corde
678 2597 823 2634 nostro
844 2587 1045 2635 habitare
1068 2607 1155 2636 non
1190 2593 1301 2651 vult,
1333 2595 1392 2643 ita
1416 2598 1495 2646 ista

161 2672 172 2694 ¹
197 2671 281 2706 Alias
300 2671 433 2715 epistola
453 2675 570 2703 mxxi.
590 2671 628 2703 ab
647 2671 822 2703 hot-verbo
840 2669 1033 2715 incipiebat:
1060 2675 1281 2717 Cogitationis.
