1902 3268
291 295 388 358 374
702 314 736 344 ε,
779 313 1026 345 Aucusrmi
1059 313 1264 346 nriscom

293 378 432 427 defuit
454 378 618 427 divinae
642 378 902 426 humilitatis
926 380 1171 445 exemplum
1189 419 1200 438 ‚
1238 380 1359 446 quod
1383 381 1673 446 opportunis-

285 451 399 499 simo
435 463 630 514 tempore
668 467 748 513 per
775 451 1009 496 Dominum
1042 464 1238 499 nostrum
1264 454 1411 500 Jcsum
1445 454 1674 500 Christum

294 524 559 570 illustratum
583 531 644 566 est
668 538 678 566 ε
698 521 769 566 cui
795 521 869 566 uni
893 522 1088 585 exemplo
1113 523 1158 568 in
1184 526 1374 583 cujusvis
1400 525 1542 570 animo
1558 525 1676 571 fero-

290 595 397 640 citer
446 592 682 652 arrogantis
727 590 865 637 omnis
914 593 1119 655 superbia
1160 594 1276 639 cedit
1309 605 1350 640 et
1385 595 1600 655 frangitur
1635 605 1678 641 et

293 663 517 710 emoritur.
561 663 752 727 Ideoque
788 679 877 707 non
910 663 1099 709 valentes
1135 664 1199 709 illi
1234 665 1492 710 auctoritate
1527 665 1678 711 turbas

291 745 559 781 terrenarum
573 751 715 780 rerum
732 733 964 779 dilectione
982 745 1166 780 caecatas
1180 735 1233 780 ad
1249 735 1534 781 invisibilium
1550 735 1681 783 fidem

289 804 463 863 ducere,
490 822 591 851 cum
625 822 693 851 cas
711 804 907 851 viderent
929 805 1155 868 Epicureis
1176 806 1357 852 maxime
1381 806 1682 853 contentioni-

288 877 374 923 bus
396 876 678 932 commoveri,
706 893 793 922 non
829 875 970 922 solum
1002 876 1059 922 ad
1098 876 1417 933 hauriendam,
1445 894 1534 940 quo
1565 876 1681 922 ultro

293 947 548 994 ferebantur
565 983 576 1003 ,
603 946 678 992 sed
702 948 832 993 etiam
861 947 914 993 ad
939 947 1284 993 defensitandam
1305 948 1503 1011 corporis
1524 947 1682 1011 volup-

297 1029 449 1074 tatem,
478 1029 527 1064 ut
543 1017 587 1063 in
609 1034 657 1063 ea
681 1034 900 1064 summum
925 1019 1094 1064 bonum
1114 1019 1307 1064 hominis
1324 1019 1682 1074 constitueretur3

298 1107 368 1137 eos
388 1099 532 1136 autem
562 1089 640 1153 qui
664 1089 867 1135 adversus
904 1089 1020 1135 lianc
1060 1089 1330 1153 voluptatem
1352 1090 1524 1136 virtutis
1557 1088 1687 1137 laude

301 1171 600 1216 moverentur,
625 1160 770 1206 minus
795 1159 1029 1206 difficulter
1051 1177 1144 1205 eam
1159 1160 1448 1223 contemplari
1467 1161 1511 1206 in
1535 1159 1689 1207 animis

299 1232 552 1288 hominum,
575 1231 692 1277 unde
704 1231 818 1278 facta
832 1232 968 1287 bona,
992 1231 1221 1296 dequibus
1236 1242 1478 1294 utcumque
1489 1239 1691 1294 poterant

289 1304 513 1367 judicare,
555 1302 873 1366 procederent:
915 1303 1045 1349 simul
1081 1302 1291 1349 videbant
1324 1302 1359 1347 si
1387 1303 1446 1347 eis
1477 1318 1692 1349 conaren-

295 1387 370 1423 tur
392 1375 615 1420 insinuare
631 1373 822 1437 aliquam
844 1391 933 1419 rem
951 1373 1147 1419 divinam
1166 1385 1207 1420 et
1224 1390 1355 1437 super
1374 1373 1519 1418 omnia
1533 1373 1695 1419 incom-

300 1444 579 1500 mutabilem,
609 1461 712 1508 quae
742 1444 863 1490 nullo
896 1446 1179 1499 attinoeretur
1203 1444 1399 1508 corporis
1430 1460 1574 1498 sensu,
1619 1442 1693 1490 sed

305 1516 394 1564 sola
411 1526 554 1561 mente
568 1515 896 1576 intellig-‚eremi
921 1533 1021 1580 quae
1036 1526 1178 1561 tamen
1197 1517 1326 1562 etiam
1347 1526 1544 1560 naturam
1559 1514 1695 1577 ipsius

305 1586 464 1634 mentis
485 1553 730 1643 excederffet
744 1603 932 1650 eumque
955 1603 1041 1632 esse
1075 1589 1216 1632 Deum
1246 1586 1525 1649 propositum
1547 1584 1692 1630 animo

309 1659 506 1705 humano
533 1656 587 1702 ad
606 1656 841 1703 fruendum
867 1667 1053 1720 puroato
1077 1657 1131 1702 ab
1153 1657 1271 1703 omni
1286 1655 1384 1701 labe
1402 1656 1695 1702 humanarum

311 1727 626 1792 cupiditatum,
652 1727 696 1773 in
718 1744 807 1791 quo
835 1744 922 1774 uno
943 1727 1234 1791 acquiesceret
1258 1726 1399 1772 omnis
1414 1725 1699 1774 beatitudinis·

312 1798 562 1864 appetitUS,
595 1808 639 1844 et
661 1799 707 1844 in
741 1815 831 1862 quo
866 1798 991 1844 nobis
1016 1815 1103 1844 uno
1135 1799 1353 1844 bonorum
1378 1797 1576 1845 omnium
1602 1796 1700 1845 finis

311 1880 418 1917 esset
437 1887 524 1915 non
548 1886 619 1915 eos
642 1869 955 1927 intellecturos,
984 1880 1026 1915 et
1048 1870 1406 1933 ‘repugnantibus
1430 1868 1497 1915 vel
1528 1868 1700 1931 Epicu.-

312 1941 395 1989 reis
419 1940 488 1988 vel
507 1941 664 1987 Stoicis
684 1940 824 1986 multo
840 1958 970 2004 quam
997 1940 1081 1986 sibi
1094 1940 1264 1986 facilius
1285 1939 1474 2003 palmam
1501 1938 1697 1995 daturos,

313 2015 376 2059 ita
406 2022 455 2058 ut
477 2028 577 2058 vera
600 2011 874 2076 salubrisque
900 2012 1129 2067 sententia,
1167 2010 1287 2074 quod
1320 2010 1700 2073 perniciossimum

314 2094 377 2131 est
410 2081 552 2143 generi
595 2081 816 2137 humano,
861 2082 1163 2145 imperitorum
1200 2081 1476 2145 populorum
1510 2080 1707 2128 irrisione

318 2153 614 2201 sordesceret:
643 2163 686 2199 et
710 2153 863 2202 hocin
888 2152 1143 2200 moralibus.

385 2225 554 2272 XVIll.
585 2225 638 2270 In
666 2223 942 2270 naturalibus
959 2235 1103 2270 autem
1124 2222 1460 2288 quaestionibus,
1480 2222 1515 2270 si
1537 2220 1610 2270 isti
1634 2220 1708 2269 di-

324 2305 470 2344 cerent
503 2295 762 2341 effectricem
786 2296 982 2341 omnium
1008 2306 1265 2341 naturarum
1294 2311 1382 2340 esse
1406 2296 1710 2357 incorpoream

323 2366 611 2431 Sapientiam,
638 2366 702 2412 illi
731 2378 874 2413 autem
909 2385 932 2413 a
960 2384 1145 2430 corpore
1172 2383 1388 2430 nusquam
1411 2365 1706 2420 discederent,

319 2455 423 2485 cum
450 2437 523 2483 alii
547 2437 716 2487 atomis,
737 2437 808 2484 alii
825 2449 1017 2502 quatuor
1041 2437 1262 2483 elementis
1285 2437 1330 2482 in
1349 2437 1510 2500 quibus
1536 2434 1588 2481 ad
1614 2435 1706 2484 cffi-

314 2508 470 2557 cienda
489 2509 636 2556 omnia
654 2509 765 2570 ignis
790 2510 1068 2574 praevaleret,
1108 2508 1329 2573 principia
1361 2525 1505 2553 rerum
1524 2506 1705 2562 darent;

317 2580 418 2647 quis
438 2596 527 2627 non
568 2580 733 2630 videret
755 2581 989 2630 stultorum
1022 2580 1342 2627 abundantiam
1383 2577 1557 2641 corpori
1580 2575 1708 2627 dedi-

319 2664 427 2710 tam,
450 2668 552 2699 cum
579 2651 884 2716 incorpoream
899 2653 1141 2717 potentiam
1161 2650 1448 2698 conditricem
1467 2665 1610 2698 rerum
1636 2664 1709 2694 ne=
