1902 3268
629 326 843 376 ims‘roza
878 327 1041 360 cxvm.
1426 310 1519 360 363

106 394 510 462 „manifestabitun
531 394 605 442 sed
625 388 772 460 potius
813 394 997 442 dixeris:
1033 415 1054 437 «
1079 394 1288 442 Indoctus
1321 403 1364 440 et
1384 392 1519 439 hebes

137 472 159 510 ›>'
178 466 437 531 putabitur?
458 489 478 509 ›>
501 466 582 513 nisi
600 467 704 531 quia
724 466 824 513 satis
853 467 982 513 etiam
1008 466 1099 530 ipse
1137 465 1357 525 intelligis,
1396 479 1514 517 eum,

135 537 213 601 qui
236 537 334 583 talia
356 554 444 604 non
463 537 752 603 responderit,
767 554 857 584 non
878 553 966 583 esse
983 536 1211 583 indoctum
1229 546 1271 582 et
1294 534 1516 588 hebetem,

135 606 210 653 sed
232 608 394 671 putari.
423 609 478 654 At
505 625 582 669 ego
616 618 656 655 te
681 608 911 664 admoneo,
933 624 1032 654 eum
1056 608 1134 671 qui
1155 607 1306 653 talium
1327 614 1512 670 putato-

135 679 236 724 ruin
259 678 418 739 linguis
438 690 643 744 tanquam
677 679 865 726 falcibus
882 677 1059 724 concidi
1072 678 1214 734 timet,
1240 677 1411 737 lignum
1426 691 1514 720 esse

136 748 333 804 aridum3
355 759 394 795 et
409 749 506 796 idco
531 768 617 797 non
640 750 788 814 putari
808 759 978 796 tantum
991 747 1220 794 indoctum
1238 757 1279 793 et
1292 746 1516 801 hebetem,

135 818 210 866 sed
235 835 334 866 vere
349 837 436 866 esse
460 831 588 884 atque
609 820 827 867 convinci.

199 888 252 937 V.
280 891 474 938 Fortasse
487 891 664 949 dixeris,
689 890 763 937 sed
788 906 889 937 cum
925 890 1061 937 hebes
1084 889 1230 936 animo
1249 904 1337 934 non
1354 885 1452 941 sim,
1481 895 1524 931 et

133 961 268 1026 praeci
273 979 359 1025 pue
378 979 465 1008 non
482 979 569 1008 esse
588 960 801 1017 studeam,
828 960 928 1008 nolo
946 960 1083 1007 hebes
1101 959 1245 1006 animo
1262 956 1330 1005 vel
1352 955 1515 1020 putari.

135 1032 289 1087 Recte3
314 1031 386 1077 sed
412 1047 501 1096 quo
524 1032 609 1077 fine
632 1031 761 1088 nolis,
789 1031 835 1078 id
861 1048 1029 1096 quaero.
1061 1028 1194 1089 Quod
1228 1028 1342 1075 enim
1364 1027 1410 1073 in
1439 1025 1525 1072 illis

133 1101 450 1165 quaestionibus
465 1101 708 1166 aperiendis
721 1102 804 1148 tibi
817 1112 859 1149 et
873 1099 1155 1166 explicandis,
1172 1115 1251 1145 nec
1266 1097 1392 1144 nobis
1403 1095 1525 1142 oneri

135 1187 222 1218 esse
248 1171 486 1228 dubitasti,
517 1174 633 1219 hanc
658 1190 834 1219 causam
870 1183 912 1219 et
938 1172 1061 1218 hunc
1098 1172 1229 1218 finem
1253 1186 1339 1216 esse
1358 1166 1520 1223 dixisti,

136 1252 179 1289 et
218 1253 305 1289 tam
342 1244 627 1290 necessarium
652 1255 700 1290 ut
721 1261 815 1290 eam
840 1243 1021 1289 nimiam
1039 1242 1335 1289 necessitatem
1374 1236 1524 1302 appel-

139 1313 268 1371 lares,
296 1331 349 1360 ne
372 1314 536 1360 scilicet
553 1314 606 1360 de
630 1314 699 1360 his
739 1313 1030 1373 interrogatus
1061 1329 1201 1376 neque
1236 1307 1520 1374 respondens,

141 1384 197 1430 ab
233 1383 508 1441 hominihuS,
535 1385 589 1431 ad
616 1384 957 1448 vituperandum
981 1383 1272 1447 proclivibus,
1297 1381 1432 1427 hebes
1451 1379 1524 1425 in-

139 1454 384 1519 doctusque
422 1456 601 1519 puteris.
635 1460 728 1516 Ego
753 1466 895 1501 autem
922 1472 1073 1519 quaero
1093 1492 1103 1509 ‚
1134 1453 1321 1499 hoccine
1363 1461 1524 1505 totum,

139 1525 210 1582 sit,
233 1542 314 1572 cur
338 1544 361 1572 a
385 1528 514 1573 nobis
530 1527 610 1573 ista
632 1527 864 1584 desideres,
889 1544 943 1572 an
967 1526 1096 1572 etiam
1110 1524 1315 1571 indoctus
1336 1532 1378 1568 et
1392 1521 1526 1567 hebes

139 1597 283 1660 putari
299 1608 483 1661 propter
507 1597 626 1644 aliud
653 1597 821 1662 aliquid
844 1596 982 1643 nolis?
1001 1596 1046 1642 Si
1067 1596 1155 1642 hoc
1174 1605 1313 1640 totum
1332 1603 1412 1650 est,
1436 1607 1528 1637 cer-

138 1667 224 1727 nis,
248 1678 296 1713 ut
316 1669 524 1724 arbitror,
543 1669 665 1715 hunc
680 1685 766 1714 esse
787 1670 915 1714 finem
941 1677 1027 1714 tam
1043 1665 1310 1713 vehementis
1325 1662 1528 1710 intentio-

140 1737 206 1783 nis
227 1748 332 1794 tuae,
354 1755 442 1802 qua
460 1739 586 1785 nohis
609 1755 786 1803 quoque
804 1739 925 1784 oneri
951 1755 1011 1794 es,
1037 1748 1085 1784 ut
1112 1736 1271 1782 fateris.
1301 1733 1420 1791 Quid
1441 1749 1524 1779 au-

141 1818 226 1855 tem
254 1827 275 1855 a
295 1810 506 1856 Dioscoro
536 1821 680 1874 potest
710 1810 839 1857 nobis
860 1827 948 1857 esse
973 1809 1092 1856 oneri
1129 1808 1209 1854 nisi
1229 1805 1349 1872 quod
1379 1805 1524 1869 ipsum

141 1879 401 1926 Dioscorum
426 1881 555 1927 etiam
590 1881 849 1928 nescientem
879 1884 1062 1928 onerat?
1087 1878 1209 1944 quod
1240 1894 1329 1924 non
1352 1877 1523 1932 sentiet,

142 1950 222 1997 nisi
252 1967 351 1997 cum
374 1969 545 2013 surgere
568 1952 755 1998 voluerit
777 1970 788 1998 e
813 1962 943 2016 atque
960 1952 1130 1998 utinam
1153 1966 1244 1996 non
1264 1948 1324 1994 sic
1347 1946 1529 2008 alligen-

143 2031 217 2067 tur
235 2021 333 2067 haec
369 2039 517 2079 onera,
544 2032 593 2068 ut
614 2022 773 2069 frustra
797 2022 927 2069 etiam
945 2022 1154 2068 humeros
1189 2029 1372 2066 conetur
1394 2032 1529 2063 excu-

142 2099 246 2139 tere.
272 2092 403 2149 Quod
423 2111 510 2139 non
530 2093 627 2140 ideo
649 2094 768 2151 dico,
786 2094 890 2159 quia
910 2094 1005 2140 istae
1018 2092 1250 2139 discuntur
1267 2087 1528 2154 quaestiones

144 2162 217 2208 sed
243 2162 344 2225 quia
364 2163 439 2209 tali
458 2165 544 2210 fine
569 2164 815 2212 discuntur.
846 2164 980 2211 Hunc
998 2163 1113 2210 enim
1139 2163 1270 2208 finem
1301 2163 1393 2220 jam
1417 2168 1532 2205 certe

145 2234 274 2279 sentis
303 2250 389 2279 csse
413 2234 691 2294 nugatorium
728 2236 919 2292 inanem,
947 2245 1189 2282 ventosum.
1224 2231 1370 2277 Habet
1390 2239 1432 2274 et
1454 2238 1527 2275 tu-

144 2321 329 2358 morem,
353 2305 434 2350 sub
457 2322 544 2368 quo
573 2306 704 2351 etiam
728 2306 850 2352 tabes
873 2305 1083 2366 gignitur,
1114 2314 1155 2350 et
1175 2301 1347 2367 pupula
1373 2299 1530 2346 mentis

147 2374 202 2422 ad
222 2392 309 2419 non
334 2375 566 2422 videndam
583 2375 850 2440 opulentiam
865 2376 1057 2424 veritatis
1078 2373 1335 2421 offunditur.
1363 2370 1523 2427 Crede,

145 2442 206 2491 sic
224 2455 302 2501 est,
334 2446 389 2491 mi
417 2446 642 2503 Dioscore,
676 2447 733 2492 ita
755 2457 794 2494 te
812 2446 935 2493 fruar
970 2447 1014 2492 in
1035 2446 1131 2509 ipsa
1152 2443 1393 2498 voluntate,
1421 2451 1463 2486 et
1481 2440 1528 2486 in

146 2516 258 2581 ipsa,
287 2521 412 2576 cujus
455 2518 613 2563 umbra
654 2518 881 2575 averteris,
922 2517 1134 2579 dignitate
1163 2513 1371 2563 veritatis,
1405 2511 1531 2559 Unde

146 2587 260 2633 enim
301 2588 398 2639 tibi,
427 2588 507 2635 nisi
541 2588 610 2635 vel
643 2588 730 2636 hoc
751 2588 900 2649 modo,
928 2588 982 2637 de
1010 2589 1096 2636 hac
1118 2604 1164 2634 re
1194 2585 1329 2635 fidem
1347 2582 1525 2639 faciam,

147 2660 236 2705 noh
254 2658 439 2706 invenio.
468 2661 564 2707 Non
585 2659 699 2706 enirn
724 2659 844 2708 vides
874 2677 986 2718 eam,
1022 2669 1097 2708 aut
1115 2657 1207 2707 ullo
1228 2655 1361 2704 modo
1381 2669 1528 2718 quan-
