1902 3268
634 316 844 349 Erisrom
881 314 970 346 cx1.
1418 298 1511 357 345

137 414 158 435 »
183 392 228 439 in
250 399 510 455 perpetuum
547 395 724 450 propter
761 399 917 429 nomen
960 392 1082 428 tuum
1120 380 1323 435 Domine,
1351 391 1393 425 ct
1412 380 1512 426 des-

138 485 158 506 »
181 461 347 527 pexeris
366 461 690 504 Testamentum
721 466 864 510 tuum,
887 465 928 499 et
951 471 1004 499 ne
1025 452 1250 499 abstuleris
1274 451 1514 496 misericor-

137 555 158 576 »
185 532 300 578 diam
324 541 440 575 tuam
458 546 480 574 a
498 528 644 583 nobis,
671 537 854 590 propter
878 524 1098 571 Abraham
1114 523 1190 586 qui
1215 540 1236 568 a
1266 533 1306 568 te
1332 521 1515 567 dilectus

138 626 159 646 »
184 613 268 659 est,
289 611 330 647 et
349 610 529 664 propter
554 600 675 644 lsaac
703 614 871 644 servum
895 608 1020 643 tuum
1036 635 1046 653 ,
1076 606 1116 640 et
1150 593 1284 642 lsrael
1315 604 1514 640 sanctum

140 696 160 716 »
181 689 323 726 tuum,
354 672 515 735 quibus
536 671 708 716 loeutus
728 686 769 714 es
791 668 1185 731 multiplicaturum
1208 678 1248 712 tc
1274 683 1415 712 semen
1441 680 1517 708 co-

142 766 161 786 »
186 761 284 790 rum
314 753 362 788 ut
382 752 491 787 astra
507 741 607 787 coeli
626 751 667 786 et
686 757 856 785 arenam
874 738 1001 783 maris
1026 755 1037 782 ε
1058 738 1285 799 quoniam,
1311 735 1515 787 Domine,

141 836 162 857 υ
190 813 357 860 minimi
376 812 477 859 facti
509 828 656 857 sumus
672 827 765 873 prae
790 809 994 854 omnibus
1019 808 1288 861 nationibus,
1316 816 1521 850 etsumus

143 907 162 927 n
188 884 372 930 humiles
389 883 521 928 hodie
540 883 583 927 in
611 893 718 926 terra
737 890 917 943 propter
934 889 1111 942 peccata
1133 889 1275 924 nostra
1294 876 1328 923 4.
1355 899 1374 918 »
1394 874 1523 921 Vides

143 965 257 1001 certe
279 953 426 1006 frater,
448 952 595 1015 quales
616 951 714 1007 viri,
736 967 866 1014 quam
889 949 1043 1005 sancti,
1072 966 1205 1012 quam
1231 947 1360 994 fortes
1375 946 1420 991 in
1438 961 1524 990 me-

144 1026 215 1071 dio
239 1023 546 1079 tribulationis,
573 1022 651 1067 ubi
676 1032 819 1067 tamen
841 1022 898 1066 eis
923 1021 1205 1083 parcebatur,
1237 1029 1277 1065 et
1301 1035 1371 1064 eos
1405 1031 1525 1062 urere

143 1095 235 1158 ipsa
259 1094 433 1139 flamma
460 1093 709 1147 verebatur,
739 1103 919 1155 peccata
958 1109 1032 1137 sua
1071 1091 1416 1143 confitebantur,
1443 1102 1524 1150 pro

145 1165 306 1228 quibus
330 1181 371 1209 se
395 1163 522 1224 digne
534 1167 702 1223 etjuste
717 1162 938 1208 humiliari
954 1173 1185 1216 noverant,
1203 1177 1281 1206 nec
1301 1159 1520 1204 tacebant.

209 1235 282 1279 lV.
314 1234 540 1298 Numquid
564 1235 693 1280 etiam
720 1234 917 1279 meliores
940 1251 1026 1279 esse
1050 1249 1278 1297 possumus
1300 1232 1396 1294 ipso
1432 1230 1528 1272 Da-

147 1305 272 1359 niele.v
296 1305 350 1351 de
369 1321 456 1368 quo
482 1322 558 1368 per
595 1305 865 1350 Ezechielem
895 1305 1158 1367 prophetam
1195 1303 1302 1348 dicit
1334 1304 1450 1346 Deus
1474 1297 1528 1343 ad

148 1376 396 1440 principem
424 1377 528 1440 Tyri
553 1395 562 1421 :
601 1397 621 1417 «
645 1376 871 1438 Numquid
915 1386 959 1421 tu
995 1375 1229 1439 sapientior
1267 1389 1399 1437 quam
1438 1372 1530 1416 Da-

150 1467 170 1488 »
190 1445 273 1491 niel
295 1447 340 1492 2?
362 1467 381 1487 n
403 1447 457 1492 Et
480 1447 556 1509 qui
585 1446 762 1509 ponitur
782 1462 892 1491 unus
915 1445 960 1490 in
978 1446 1119 1490 tribus
1134 1444 1261 1504 justis
1279 1459 1388 1506 quos
1423 1439 1532 1485 dicit

152 1518 267 1562 Deus
297 1515 408 1562 solos
427 1533 469 1561 se
485 1516 798 1572 liberaturum3
827 1516 1055 1562 ostendens
1092 1515 1244 1578 utique
1269 1513 1315 1559 in
1340 1511 1424 1558 illis
1444 1521 1529 1555 tres

152 1586 361 1650 quasdam
379 1586 540 1632 formas
558 1590 799 1647 justorum,
828 1589 1009 1650 quesita
1034 1604 1075 1632 se
1092 1586 1378 1631 liberaturum
1403 1581 1529 1636 dicit,

155 1667 203 1703 ut
227 1673 306 1702 nec
325 1656 436 1702 filios
463 1674 561 1702 suos
586 1674 729 1703 secum
750 1657 954 1713 liberent,
976 1657 1049 1702 sed
1065 1656 1150 1719 ipsi
1168 1655 1247 1701 soli
1272 1654 1529 1707 liberentur,

156 1727 252 1776 Noe
267 1727 388 1792 (49),
411 1727 582 1782 Daniel,
605 1728 779 1774 etJobP
800 1730 912 1788 Lege
933 1738 1074 1774 tamen
1101 1728 1229 1773 etiam
1246 1742 1418 1789 precem
1440 1724 1532 1768 Da-

156 1800 328 1856 nielis3‚
350 1810 392 1845 et
405 1799 502 1845 vide
524 1800 898 1863 quemadmodum
919 1800 964 1845 in
984 1798 1236 1863 captivitate
1250 1797 1415 1860 positus
1436 1811 1535 1858 pec-

158 1882 254 1918 cata
278 1887 364 1916 non
389 1880 555 1916 tantum
576 1871 733 1935 populi
751 1871 832 1925 sui,
861 1869 1144 1915 verumetiam
1166 1885 1241 1913 sua
1265 1867 1535 1920 confiteatur,

159 1954 200 1989 et
219 1959 302 2006 pro
319 1942 387 1987 his
408 1941 528 1987 dicat
547 1959 627 2005 per
648 1942 864 2002 justitiam
889 1941 968 1986 Dei
989 1957 1032 1986 se
1053 1940 1106 1986 ad
1126 1939 1244 1985 illam
1266 1935 1533 2001 captivitatis

160 2030 340 2078 poenam
363 2023 405 2058 et
430 2013 671 2076 opprobria
689 2012 945 2076 pervenisse.
973 2012 1046 2058 Sic
1072 2011 1187 2056 enim
1222 2009 1435 2071 scriptum
1450 2016 1539 2062 est3

162 2105 183 2126 α
209 2085 265 2129 Et
290 2082 391 2128 dedi
411 2082 567 2129 faciem
595 2100 733 2129 meam
757 2082 809 2128 ad
836 2082 1076 2128 Dominum
1108 2083 1269 2136 Deum,
1297 2090 1346 2125 ut
1367 2093 1542 2142 quaere-

164 2171 290 2199 »rem
320 2170 471 2216 preces
489 2163 530 2199 et
548 2153 866 2199 obsecrationes
890 2154 933 2199 in
953 2152 1300 2213 jejunationibus
1322 2160 1364 2196 et
1393 2164 1537 2203 sacco,

165 2246 185 2267 »
211 2234 253 2270 et
274 2234 475 2287 precatus
498 2241 595 2270 sum
620 2224 858 2270 Dominum
884 2225 1026 2273 Deum
1050 2239 1197 2268 meum
1216 2259 1228 2278 ‚
1257 2231 1298 2267 et
1327 2218 1545 2266 confessus

167 2305 356 2341 »sumet
369 2295 485 2340 dixi:
507 2295 689 2340 Domine
704 2296 818 2341 Deus
840 2312 992 2355 magne
1007 2305 1049 2340 et
1065 2292 1296 2348 mirabilis,
1311 2291 1541 2356 etquiser-

172 2390 193 2410 »
214 2384 289 2414 vas
309 2368 636 2413 Testamentum
655 2378 798 2424 tuum,
830 2377 872 2412 et
891 2365 1234 2412 misericordiam
1265 2363 1550 2424 diligentibus

169 2460 190 2481 >³
209 2448 249 2484 te
272 2448 313 2483 et
331 2438 601 2484 servantibus
626 2448 849 2502 praecepta
886 2448 979 2493 tua,
1018 2435 1315 2499 peccavimus,
1346 2433 1550 2480 adversus

171 2532 192 2553 ›>
211 2511 368 2570 Legem
384 2509 580 2565 fecimus,
596 2510 730 2573 impie
752 2509 933 2569 egimus,
962 2518 1005 2553 et
1019 2507 1284 2566 recessimus,
1305 2516 1349 2552 et
1365 2504 1555 2552 declina-

172 2603 193 2624 »
211 2581 353 2627 vimus
370 2597 390 2625 a
412 2581 646 2643 praeceptis
666 2579 767 2635 tuis,
787 2589 829 2626 et
851 2597 872 2625 a
903 2578 1099 2639 judiciiis
1123 2578 1226 2634 tuis,
1245 2588 1288 2624 et
1310 2594 1399 2624 non
1419 2591 1551 2623 exau-

224 2663 233 2686 ¹
256 2666 326 2695 Dan
364 2674 419 2701 111,
438 2663 555 2702 26-37.
575 2680 620 2686 —
642 2661 656 2684 2
675 2662 789 2695 Ezecli.
809 2673 926 2702 xxvul,
948 2664 980 2696 3.
997 2680 1040 2686 —-
1057 2658 1071 2684 3
1085 2660 1219 2703 Id.x1v,
1239 2666 1294 2698 14.
