1902 3268
590 274 797 305 12:1¹1sson
837 274 991 304 mviii.
1427 275 1485 323 ⁸2¹.)

110 344 283 407 scriptae
302 380 311 389 .
336 359 414 405 per
436 341 609 388 fratrem
642 351 835 386 nostrum
862 339 1114 403 sysinnium
1138 339 1372 388 diaconum
1396 343 1485 389 huc

108 413 366 478 exemplaria
387 422 690 477 pervenerunt.
717 413 766 456 In
787 428 874 475 qua
890 410 1078 456 hortaris
1097 427 1165 456 me
1189 448 1199 468 ‚
1222 422 1271 457 ut
1304 420 1487 471 παλινῳ-

109 485 198 533 δίαν
225 503 356 550 super
390 483 582 549 quodam
608 483 804 547 Apostoli
826 482 1023 546 capitulo
1056 498 1234 540 canam3
1268 493 1309 529 et
1346 483 1489 529 imiter

109 557 405 603 Stesichorum
422 593 433 612 ,
455 556 568 601 inter
588 554 927 618 vituperationes
950 563 992 598 ct
1016 552 1164 598 laudes
1183 554 1360 600 Helenae
1373 554 1489 601 ssuc-

108 636 330 681 tuantem;
353 637 400 673 ut
418 625 495 690 qui
516 624 788 671 detrahendo
807 623 953 669 Oculos
973 622 1242 686 perdiderat,
1266 624 1488 671 laudando

107 697 332 762 receperit.
365 699 456 757 Ego
491 695 747 759 simpliciter
783 694 921 739 fateor
954 693 1194 753 dignationi
1233 704 1350 752 tuae,
1389 695 1491 742 licet

114 767 252 831 stylus
262 778 304 814 et
321 772 612 830 ἐπιχειρήματα
634 776 705 811 tua
727 763 1100 811 mihividerentur
1118 781 1128 809 :
1159 774 1303 810 tamen
1324 781 1412 810 non
1431 775 1490 811 te-

110 855 225 885 mere
267 837 584 901 exemplaribus
624 836 864 881 litterarum
908 833 1174 880 credendum
1214 834 1395 898 putavi3
1437 853 1490 882 ne

106 908 247 967 torte,
268 927 338 956 me
361 907 647 973 respondente
676 907 830 964 laesus,
857 910 972 967 juste
1007 905 1329 970 expostulares,
1366 906 1489 970 quod

106 981 296 1045 piobare
320 991 418 1026 ante
436 980 683 1026 debuissem
708 990 833 1026 tuum
859 995 944 1024 esse
963 994 1236 1033 sermonem,
1259 988 1302 1023 et
1326 977 1387 1024 sic
1405 995 1488 1024 res-

106 1052 287 1099 cribere.
316 1052 505 1098 Accessit
529 1051 583 1097 ad
608 1068 790 1108 molam,
812 1060 974 1096 sanctae
995 1059 1038 1096 et
1055 1048 1313 1096 venerabilis
1339 1049 1488 1095 Paulae

105 1124 234 1185 longa
265 1122 508 1170 infirmitas.
550 1123 663 1169 Dum
704 1123 818 1168 enim
859 1120 1083 1181 languenti
1116 1119 1255 1166 multo
1294 1130 1489 1184 tempore

108 1193 341 1240 assidemus
358 1231 368 1251 ,
392 1210 502 1258 pene
529 1193 737 1257 Epistolae
763 1203 850 1239 tuae
870 1229 880 1249 ,
902 1191 970 1237 vel
997 1194 1088 1251 ejus
1107 1191 1183 1254 qui
1202 1190 1285 1237 sub
1305 1200 1380 1236 tuo
1404 1208 1489 1236 no-

108 1265 222 1310 mine
250 1264 480 1328 scripserat
498 1301 508 1319 ,
530 1263 659 1309 obliti
678 1280 826 1309 sumus
849 1280 859 1308 :
887 1278 1099 1307 memores
1125 1260 1242 1307 illius
1256 1260 1485 1316 versiculi3

107 1335 308 1381 «Musica
332 1335 377 1380 in
397 1335 511 1391 latu,
529 1334 782 1398 importuna
805 1333 996 1379 narratio
1014 1330 1080 1378 1.»
1095 1332 1266 1394 Itaque,
1290 1331 1323 1377 si
1336 1341 1406 1378 tua
1426 1343 1489 1379 est

108 1405 322 1470 Epistola,
348 1415 493 1468 aperte
510 1404 669 1459 scribe,
702 1403 769 1451 vel
790 1403 911 1450 mitte
928 1401 1190 1466 exemplaria
1218 1402 1412 1448 veriora:
1438 1413 1489 1450 ut

109 1476 272 1540 absque
300 1474 390 1521 ullo
427 1492 607 1522 rancore
642 1475 859 1521 stomachi
886 1475 931 1521 in
962 1472 1297 1536 Scripturarum
1334 1472 1487 1537 dispu-

109 1550 269 1595 tatione
299 1566 543 1607 versemur,
567 1559 609 1595 et
629 1548 697 1595 vel
732 1559 928 1595 nostrum
961 1545 1239 1593 emendemus
1263 1562 1450 1593 errorem
1473 1584 1486 1606 ,

107 1620 176 1668 vel
196 1621 328 1668 alium
348 1620 505 1668 frustra
532 1620 858 1684 reprehendisse
881 1619 1130 1666 doceamuS.
1143 1639 1163 1660 »

172 1693 232 1739 ΙΙ.
260 1713 279 1734 «
299 1692 425 1738 Absit
445 1703 590 1738 autem
611 1710 632 1738 a
658 1709 749 1748 me,
774 1691 1075 1756 utquidquarn
1099 1688 1153 1735 de
1169 1687 1490 1738 librisbeatitu-

108 1762 221 1808 dinis
240 1773 328 1808 tuae
352 1762 559 1823 attingere
583 1761 781 1809 audeam.
813 1762 983 1808 Sufficit.
1014 1760 1129 1806 enim
1164 1759 1276 1805 mihi
1300 1761 1490 1824 probare

108 1851 219 1890 mea,
247 1844 290 1880 et
312 1832 449 1879 aliena
465 1851 554 1879 non
573 1850 764 1896 carpere.
791 1834 1012 1879 Caeterum
1042 1830 1209 1894 optime
1233 1830 1357 1878 novit
1377 1849 1491 1895 pru-

108 1904 252 1950 dentia
287 1914 361 1950 tua
382 1941 392 1960 ,
427 1920 785 1968 unumquemque
821 1903 865 1949 in
899 1921 977 1949 suo
1017 1918 1143 1947 sensu
1182 1900 1424 1960 abundare,
1448 1914 1492 1949 et

107 1975 284 2039 puerilis
323 1992 409 2021 esse
435 1975 662 2036 jactantiae
682 2012 692 2031 ,
722 1974 844 2038 quod
880 1975 983 2020 olim
1016 1971 1327 2019 adolescentuli
1351 1973 1492 2021 facere

107 2057 448 2102 consueverant,
473 2046 719 2093 accusando
746 2046 935 2092 illustres
961 2045 1076 2092 viros
1094 2081 1105 2100 ,
1130 2060 1207 2089 suo
1232 2043 1401 2090 nomini
1419 2044 1490 2090 fa-

108 2135 223 2164 mam
244 2134 450 2182 quaerere.
485 2118 572 2164 Nec
597 2128 684 2163 tam
711 2117 864 2164 stultus
888 2135 1002 2174 sum,
1025 2127 1072 2162 ut
1088 2114 1334 2161 diversitate
1353 2115 1493 2180 expla-

108 2188 336 2235 nationum
357 2199 530 2235 tuarum
548 2199 617 2234 m‘e
638 2188 740 2235 laedi
765 2200 943 2253 putem3
968 2187 1071 2252 quia
1088 2203 1166 2232 nec
1187 2196 1233 2232 tu
1250 2185 1440 2244 laedaris,
1457 2188 1492 2234 si

108 2276 185 2305 nos
206 2259 424 2306 contraria
445 2259 714 2308 senserimus.
747 2259 832 2307 Sed
865 2259 939 2305 illa
967 2269 1029 2304 est
1059 2274 1160 2304 vera
1191 2256 1304 2303 inter
1328 2257 1493 2305 amicos

107 2330 404 2394 reprehensio,
426 2330 459 2376 si
479 2341 669 2377 nostram
685 2348 834 2395 peram
853 2347 941 2377 non
955 2329 1150 2377 videntes
1173 2327 1262 2390 (5),
1284 2327 1487 2385 aliorum,

102 2404 225 2459 Juxta
255 2399 452 2445 Persium
474 2438 485 2456 ,
528 2402 763 2446 manticam
797 2399 1132 2446 consideremus.
1172 2397 1378 2461 Superest
1398 2436 1408 2455 ,
1445 2409 1492 2444 ut

108 2470 260 2530 diligas
291 2469 540 2530 diligentem
574 2481 615 2516 tc
634 2508 644 2527 ,
675 2481 717 2516 et
742 2472 785 2517 in
812 2470 1089 2534 Scripturam
1114 2485 1299 2532 campo,
1322 2469 1495 2529 jtlvenis

107 2558 248 2588 senem
260 2557 346 2586 non
362 2558 583 2604 provoces.
595 2542 683 2588 Nos
704 2551 852 2589 nostra
866 2540 1106 2587 habuimus
1124 2549 1340 2604 tempora,
1356 2550 1399 2586 et
1416 2557 1491 2587 cu-

158 2627 166 2647 ¹
190 2625 283 2657 [decli.
303 2635 384 2662 xxxi,
405 2626 438 2656 6.
