1902 3268
635 307 847 338 trrsroLA
886 307 1012 338 cvm.
1427 295 1519 339 3253

145 375 256 424 Nam
279 375 371 440 ipse
390 373 579 438 scripsit,
607 383 649 419 et
667 371 947 419 fidentissime
976 372 1140 428 asserit,
1169 389 1241 418 eos
1264 371 1281 401 1
1301 373 1377 437 qui
1404 384 1520 419 extra

145 446 383 502 unitatem,
427 444 593 491 etiarnsi
632 461 714 508 pro
750 443 825 490 illo
857 444 1031 489 nomine
1070 443 1340 500 moriantur,
1379 443 1523 490 occidi

143 533 284 582 posse,
307 533 394 563 non
408 533 548 580 posse,
566 515 781 563 coronari.
809 515 1000 561 Tantum
1017 514 1130 561 valet
1149 514 1236 560 sive
1250 513 1304 560 ad
1320 513 1523 570 delenda,

144 587 231 634 sive
252 586 305 634 ad
334 585 634 634 confirmanda
659 595 856 651 peccata,
895 585 963 632 vel
1002 584 1235 642 custodita,
1258 583 1326 632 vel
1366 583 1527 632 violata

144 657 334 704 charitas
355 658 546 704 unitatis.

209 726 265 776 X.
296 731 395 792 Ipse
416 745 517 788 ergo
541 727 613 774 ille
635 727 885 791 Cyprianus
901 762 911 777 .
935 742 1035 771 cum
1060 742 1137 788 per
1160 724 1399 789 impiorum
1425 742 1526 786 gen-

144 797 287 846 tilium
319 798 666 863 persecutionem
695 807 861 845 vastata
893 796 1088 843 Ecclesia
1119 795 1279 842 multos
1302 796 1529 860 plangeret

144 868 288 933 lapsos
301 869 335 927 2,
360 868 486 916 malis
514 868 603 914 hoc
625 868 819 914 moribus
841 866 1037 913 tribuens
1061 881 1234 922 eorum,
1262 866 1339 930 qui
1361 866 1408 912 in
1433 866 1528 930 ipsa

147 938 338 987 Ecclesia
369 938 611 986 damnabili
636 942 959 985 conversatione
988 937 1224 994 vivebant,
1255 936 1309 983 de
1338 936 1533 997 collega-

144 1026 242 1057 rum
271 1026 447 1056 suorum
472 1010 669 1055 moribus
693 1008 825 1070 gemit
845 1047 854 1065 ‚
878 1026 957 1055 nec
979 1024 1105 1053 suum
1124 1007 1334 1067 gemitum
1359 1006 1532 1053 silentio

146 1082 272 1142 tegit;
299 1081 371 1128 sed
398 1080 505 1127 dicit
525 1098 595 1126 eos
615 1081 660 1126 in
688 1091 853 1127 tantam
873 1079 1162 1144 cupiditatem
1182 1078 1311 1124 fuisse
1330 1095 1532 1142 progres-

146 1169 239 1210 505,
276 1163 326 1199 ut
344 1152 633 1198 esurientibus
666 1152 793 1197 etiam
827 1151 871 1197 in
904 1150 1096 1196 Ecclesia
1123 1149 1334 1195 fratribus
1365 1148 1530 1194 habere

147 1234 373 1285 argentum
414 1222 589 1282 largiter
626 1221 814 1277 vellent,
844 1220 1004 1267 fundos
1044 1219 1260 1266 insidiosis
1299 1218 1533 1266 fraudibus

146 1304 377 1359 raperent,
406 1293 544 1339 usuris
572 1291 974 1357 multiplicantibus
998 1289 1144 1337 foenus
1169 1298 1387 1351 augerent.
1416 1289 1532 1336 Puto

145 1366 327 1412 istorum
353 1365 554 1419 avaritia,
571 1363 735 1420 fundis,
761 1373 801 1409 et
819 1361 987 1409 foenore
1007 1362 1280 1426 Cyprianum
1299 1378 1387 1408 non
1401 1360 1530 1408 fuisse

148 1435 446 1490 inaculatum3
472 1451 550 1481 nec
574 1445 719 1480 tamen
744 1434 800 1479 ab
818 1434 876 1479 eis
901 1451 941 1478 se
963 1433 1184 1496 corporali
1209 1433 1500 1494 segregatione
1519 1470 1531 1490 ,

148 1506 221 1553 sed
240 1508 342 1554 vitae
361 1504 716 1553 dissimilitudine
739 1504 866 1551 fuisse
881 1503 1165 1564 disjunctum.
1189 1504 1303 1550 Cum
1326 1505 1385 1550 eiS
1403 1503 1538 1551 altare

149 1579 313 1640 tetigit;
351 1578 425 1625 sed
463 1576 739 1624 immundam
778 1575 954 1622 illorum
981 1576 1116 1622 vitam
1139 1573 1212 1621 1110
1244 1593 1332 1621 11011
1365 1575 1532 1636 tetigit,

148 1647 328 1714 quando
359 1649 420 1695 sic
444 1646 642 1711 culpavit
679 1657 805 1710 atque
838 1646 1073 1706 redarguit.
1110 1645 1332 1692 Placentia
1366 1646 1535 1711 quippe

149 1720 228 1767 ista
258 1717 584 1780 attinguntur3,
614 1716 889 1781 displicentia
924 1715 1211 1781 repelluntur.
1250 1716 1444 1781 Ideoque
1468 1716 1533 1763 illi

150 1792 317 1857 optimo
353 1791 585 1854 episcopo⁷
621 1806 700 1835 nec
732 1805 941 1844 censura,
978 1805 1064 1851 qua
1102 1798 1285 1851 peccata
1324 1792 1527 1846 coercet,

150 1880 228 1910 nec
248 1861 416 1909 cautela
437 1860 576 1907 defuit
594 1897 604 1915 ‚
622 1876 709 1923 qua
735 1859 911 1905 unitatis
930 1857 1156 1905 vinculum
1175 1857 1428 1908 custodiret.
1450 1860 1530 1907 Le-

152 1933 268 1994 gitur
292 1936 382 1993 ejus
406 1932 450 1978 in
484 1930 674 1994 quadam
702 1929 943 1993 Epistola&
969 1947 1099 1993 quam
1134 1929 1307 1993 scripsit
1330 1930 1385 1977 ad
1408 1948 1529 1995 pres-

150 2006 356 2070 byterum
378 2002 613 2048 Maximum
633 2037 642 2057 ,
669 2000 721 2046 de
742 2000 827 2046 hac
852 2018 896 2046 re
914 1999 1029 2046 clara
1052 2010 1094 2046 et
1117 2011 1267 2064 aperta
1289 2001 1497 2048 sententia
1513 2039 1524 2059 ‚

149 2094 236 2140 qua
276 2074 453 2121 omnino
490 2072 725 2136 praecepit‚
765 2071 1076 2135 propheticam
1117 2070 1309 2131 regulam
1348 2083 1495 2119 tenens
1511 2111 1524 2131 ,

152 2146 274 2193 nullo
298 2145 431 2190 niodo
470 2142 676 2188 Ecclesiae
712 2141 851 2187 deseri
886 2141 1044 2187 debere
1072 2141 1280 2187 unitatem
1301 2178 1313 2199 ,
1346 2154 1532 2208 propter

152 2217 367 2263 malorum
387 2212 731 2278 permixtionem.
760 2211 910 2258 «Nam
935 2212 1011 2257 etsi
1037 2211 1266 2269 videntur,
1289 2213 1435 2276 inquit
1451 2251 1463 2271 ,
1483 2214 1529 2261 in

152 2286 346 2334 Ecclesia
370 2302 457 2331 esse
473 2283 652 2340 zizania,
675 2300 764 2328 non
788 2293 932 2329 tamen
955 2282 1159 2346 impediri
1178 2282 1308 2329 debet
1332 2284 1439 2331 fides
1453 2296 1528 2332 aut

152 2357 345 2405 charitas
368 2366 532 2411 nostra,
561 2364 609 2399 ut
636 2353 845 2417 quoniam
866 2371 953 2400 esse
973 2353 1134 2399 zizania
1155 2353 1199 2399 in
1223 2353 1415 2401 Ecclesia
1433 2372 1530 2402 cer-

152 2429 296 2476 nimus
314 2464 325 2484 ‚
358 2443 436 2473 nos
460 2424 513 2471 de
540 2423 733 2471 Ecclesia
752 2423 1017 2471 recedamus.
1054 2424 1381 2472 Tantummodo
1403 2427 1531 2474 nobis

151 2496 445 2547 laborandum
461 2507 549 2553 est,
576 2506 625 2541 ut
636 2494 907 2542 frumentum
931 2511 1017 2541 esse
1045 2494 1310 2559 possimus.»

202 2598 213 2622 ¹
230 2603 269 2631 ln
286 2598 346 2632 lib.
365 2597 406 2630 de
422 2596 544 2629 unitate
559 2595 720 2629 Ecclesiae.
734 2612 780 2620 -
792 2593 808 2618 2
824 2597 862 2628 In
875 2605 972 2629 serm.
985 2593 1025 2626 de
1043 2594 1138 2639 lapsis
1153 2605 1261 2630 versus
1277 2595 1352 2633 init.
1366 2612 1413 2623 —
1424 2595 1440 2622 ³
1453 2600 1528 2632 ιον.

153 2659 342 2697 arguuntur.
359 2671 402 2679 -—
417 2649 432 2676 ⁴
451 2651 551 2697 Epist.
574 2652 629 2685 51.

1323 2719 1400 2752 21.
