1902 3268
620 339 830 369 mussona
867 339 1025 369 cxxxv.
1426 327 1517 388 ‚499

144 404 341 469 porticu3
376 404 484 468 quid
518 403 805 466 physicorum
844 404 1024 468 peritia3
1051 404 1157 467 quid
1205 405 1519 468 Epicureorum

145 474 373 538 voluptas;
397 472 505 537 quid
527 474 640 518 inter
678 490 828 520 omnes
863 474 1034 520 infinita
1062 475 1316 539 disputandi
1348 475 1486 522 libido
1509 513 1519 531 ‚

147 555 340 608 tuncque
358 544 490 604 magis
511 544 706 603 ignorata
728 545 885 591 veritas
906 582 915 601 ,
942 556 1173 610 postquam
1205 556 1525 609 praesumptum

148 625 210 661 est
231 613 350 677 quod
370 614 506 678 possit
532 615 719 673 agnosci.
745 637 765 657 »

215 685 273 730 ll.
297 685 445 730 «Dum
460 684 504 729 in
523 683 591 728 his
615 684 914 731 confabulatio
939 696 1083 731 nostra
1103 698 1362 742 remoratur,
1383 702 1492 732 unus
1507 703 1528 731 e

152 753 300 799 multis
319 791 329 810 ,
361 755 414 799 Et
432 754 545 818 quis,
570 753 730 817 inquit,
753 766 813 800 est
830 756 1039 818 sapientia
1059 755 1112 801 ad
1135 755 1372 819 perfectum
1391 755 1529 800 chris-

155 823 366 870 tianitatis
390 825 604 880 imbutus,
629 824 705 887 qui
736 825 941 884 ambigua
964 826 1008 870 in
1032 825 1194 889 quihus
1223 826 1368 871 haereo
1399 825 1532 888 possit

158 894 337 958 aperire,
358 894 603 958 dubiosque
622 911 813 939 assensus
839 912 953 940 nicos
976 912 1074 941 vera
1111 895 1176 941 vel
1198 895 1416 942 verisimili
1436 912 1533 940 ere-

158 963 341 1010 dulitate
360 965 562 1010 firmare?
581 964 816 1028 Stupemus
838 975 1038 1012 tacentes.
1061 967 1186 1011 Tunc
1202 966 1244 1011 in
1263 966 1361 1011 haec
1382 975 1535 1028 sponte

152 1035 423 1099 prorumpit,
455 1035 589 1080 Miror
613 1045 761 1081 utrum
794 1034 948 1081 mundi
976 1039 1188 1082 Dominus
1214 1046 1256 1081 et
1278 1045 1442 1091 rector,
1466 1035 1537 1079 in-

153 1115 372 1152 temeratae
395 1105 592 1151 foeminae
630 1122 790 1169 corpus
822 1105 1096 1169 impleverit,
1134 1105 1359 1169 pertulerit
1382 1105 1531 1151 decem

153 1175 365 1223 mensium
397 1175 528 1236 longa
555 1175 627 1221 illa
650 1175 819 1222 fastidia
847 1187 1004 1232 mater,
1033 1188 1074 1223 et
1109 1188 1253 1223 tamen
1277 1177 1396 1236 virgo
1418 1176 1538 1222 enixa

152 1244 206 1290 sit
229 1244 498 1290 solemnitate
530 1245 763 1308 pariendi,
791 1256 831 1291 et
865 1257 964 1309 post
998 1247 1095 1294 liaec
1126 1247 1346 1307 virginitas
1377 1246 1540 1292 intaeta

152 1317 452 1379 permanserit.
497 1317 576 1362 His
610 1327 652 1361 et
691 1317 772 1362 alia
797 1318 1018 1363 subnectit
1047 1336 1056 1363 :
1086 1320 1205 1364 Intra
1227 1316 1538 1381 corpusculum

151 1385 366 1446 vagientis
385 1385 581 1431 infantiae
605 1386 737 1443 latet,
761 1387 830 1432 cui
856 1405 936 1450 par
960 1389 1028 1433 vix
1053 1400 1234 1451 putatur
1257 1387 1538 1440 universitas;

152 1455 320 1520 patitur
342 1455 605 1520 puerilitatis
630 1473 781 1512 annos,
809 1457 1291 1519 adolescit,juventute
1311 1457 1537 1509 solidatum

155 1523 307 1573 taiidiu
327 1545 349 1573 a
370 1527 545 1573 sedibus
570 1528 657 1573 suis
682 1528 802 1574 abest
821 1528 892 1574 ille
920 1541 1138 1590 regnator,
1167 1541 1294 1594 atque
1319 1528 1374 1575 ad
1401 1545 1537 1574 unuin

152 1598 463 1662 corpusculum
501 1599 631 1644 totius
666 1599 821 1645 mundi
849 1617 954 1646 cura
984 1601 1237 1648 transfertur
1265 1619 1274 1646 ι
1303 1600 1459 1646 deinde
1489 1600 1534 1646 in

150 1671 323 1715 somnos
355 1669 608 1726 resolvitur,
649 1671 749 1716 cibo
776 1671 910 1717 alitur
933 1709 943 1728 ,
973 1689 1120 1718 onmes
1139 1671 1387 1717 mortalium
1410 1670 1539 1717 sentit

151 1739 355 1794 affectus3
383 1757 463 1786 nec
490 1739 587 1786 ullis
608 1742 960 1804 competentibus
984 1743 1114 1803 signis
1145 1754 1276 1789 tantae
1304 1741 1534 1802 majestatis

150 1809 312 1856 indicia
332 1810 592 1867 clarescunt,
618 1813 824 1874 quoniam
847 1813 1021 1859 larvalis
1046 1814 1117 1860 illa
1143 1814 1343 1877 purgatio
1366 1849 1375 1868 ‚
1402 1812 1531 1858 debi-

148 1878 259 1926 lium
287 1898 424 1938 curae‚
450 1881 618 1928 reddita
643 1882 732 1928 vita
748 1882 994 1937 defunctis;
1020 1883 1117 1930 liaec
1137 1885 1169 1930 si
1187 1894 1228 1929 et
1246 1883 1349 1928 alios
1370 1882 1529 1942 cogites

149 1954 241 2008 Deo
267 1972 401 2018 parva
425 1966 539 2002 sunt.
570 1955 887 2002 Intervenimus
912 1956 1091 2003 ulterius
1115 1958 1353 2020 inquirenti
1375 1994 1386 2012 ,
1409 1956 1529 2002 solu-

150 2032 280 2088 toque
300 2036 537 2082 conventu,
564 2025 619 2072 acl
644 2026 827 2089 potioris
863 2027 1031 2090 peritiae
1066 2028 1217 2073 merita
1249 2027 1496 2073 distulimus
1514 2064 1526 2082 ,

148 2112 202 2141 ne
228 2096 335 2142 dum
357 2097 575 2143 incautius
603 2108 765 2143 secreta
792 2109 1074 2153 temerantur,
1095 2099 1140 2143 in
1165 2098 1340 2161 culpam
1363 2098 1526 2144 deflec-

149 2177 258 2213 teret
281 2184 401 2213 error
425 2168 656 2214 innocuus.
687 2169 925 2231 Accepisti‚
956 2169 1022 2214 vir
1044 2169 1173 2214 totius
1197 2169 1347 2229 gloriae
1370 2186 1524 2231 capax,

146 2237 379 2302 imperitiae
399 2238 736 2295 confessionem,
765 2239 872 2302 quid
901 2258 922 2285 a
948 2240 1147 2303 partibus
1172 2241 1318 2286 vestris
1355 2240 1526 2286 deside-

147 2317 265 2353 retur
291 2308 501 2368 agnoscis.
531 2310 715 2355 Interest
751 2308 880 2354 famae
921 2320 1031 2365 tuae,
1068 2320 1113 2354 ut
1147 2311 1327 2373 quaesita
1352 2311 1526 2356 noveri-

152 2394 262 2424 mus.
296 2378 544 2443 Utcumque
567 2379 728 2442 absque
749 2378 1008 2425 detrimento
1029 2380 1170 2425 cultus
1193 2381 1330 2426 divini
1362 2381 1405 2426 in
1432 2380 1523 2426 aliis

150 2447 449 2495 sacerdotibus
472 2449 680 2495 toleratur
700 2449 884 2505 inscitia,
909 2459 952 2494 at
975 2466 1074 2494 cum
1096 2450 1149 2495 ad
1175 2451 1408 2496 antistitem
1430 2452 1524 2496 Au—

149 2519 368 2579 gustinum
395 2521 594 2577 venitur,
620 2520 702 2580 legi
725 2520 841 2565 deest
867 2520 1086 2584 quidquid
1129 2522 1358 2581 contigerit
1397 2521 1526 2581 igno-

149 2590 249 2636 rari.
295 2589 569 2636 Incolumem
601 2590 918 2637 venerationem
963 2601 1080 2636 tuam
1123 2590 1324 2638 divinitas
1361 2608 1530 2637 summa

154 2670 342 2717 tueatur,
362 2661 547 2707 Domine
558 2678 653 2708 vere
672 2671 816 2707 sancte
838 2678 887 2708 ac
914 2661 1064 2707 merito
1091 2662 1347 2709 venerabilis
1362 2672 1495 2724 pater.
1511 2680 1530 2699 »

1327 2735 1401 2778 232.
