<?xml version="1.0" encoding="UTF-8"?>
<!DOCTYPE html PUBLIC "-//W3C//DTD XHTML 1.0 Transitional//EN"
    "http://www.w3.org/TR/xhtml1/DTD/xhtml1-transitional.dtd">
<html xmlns="http://www.w3.org/1999/xhtml" xml:lang="en" lang="en">
 <head>
  <title>
</title>
<meta http-equiv="Content-Type" content="text/html;charset=utf-8" />
  <meta name='ocr-system' content='tesseract 3.04.00' />
  <meta name='ocr-capabilities' content='ocr_page ocr_carea ocr_par ocr_line ocrx_word'/>
</head>
<body>
  <div class='ocr_page' id='page_1' title='image "./operaomniaaccura39auguuoft/operaomniaaccura39auguuoft_0187.png"; bbox 0 0 1902 3268; ppageno 0'>
   <div class='ocr_carea' id='block_1_1' title="bbox 584 281 1474 335">
    <p class='ocr_par' dir='ltr' id='par_1_1' title="bbox 584 281 1474 335">
     <span class='ocr_line' id='line_1_1' title="bbox 584 281 1474 335; baseline -0.01 -23"><span class='ocrx_word' id='word_1_1' title='bbox 584 281 786 312; x_wconf 66' lang='lat' dir='ltr'>erisrom</span> <span class='ocrx_word' id='word_1_2' title='bbox 826 282 949 312; x_wconf 71' lang='lat' dir='ltr'>xciii.</span> <span class='ocrx_word' id='word_1_3' title='bbox 1393 285 1474 335; x_wconf 60' lang='lat'>,77</span> 
     </span>
    </p>
   </div>
   <div class='ocr_carea' id='block_1_2' title="bbox 101 345 1512 1262">
    <p class='ocr_par' dir='ltr' id='par_1_2' title="bbox 101 345 1512 1262">
     <span class='ocr_line' id='line_1_2' title="bbox 101 345 1478 414; baseline 0.002 -18"><span class='ocrx_word' id='word_1_4' title='bbox 101 348 173 396; x_wconf 83' lang='lat' dir='ltr'>sed</span> <span class='ocrx_word' id='word_1_5' title='bbox 210 366 289 414; x_wconf 90' lang='lat' dir='ltr'>pro</span> <span class='ocrx_word' id='word_1_6' title='bbox 314 348 440 395; x_wconf 88' lang='lat' dir='ltr'>nobis</span> <span class='ocrx_word' id='word_1_7' title='bbox 466 347 672 394; x_wconf 86' lang='lat' dir='ltr'>omnibus</span> <span class='ocrx_word' id='word_1_8' title='bbox 695 346 877 392; x_wconf 72' lang='lat' dir='ltr'>tradidit</span> <span class='ocrx_word' id='word_1_9' title='bbox 917 345 1041 392; x_wconf 85' lang='lat' dir='ltr'>illum</span> <span class='ocrx_word' id='word_1_10' title='bbox 1071 364 1082 392; x_wconf 73' lang='grc' dir='ltr'>ι</span> <span class='ocrx_word' id='word_1_11' title='bbox 1106 364 1261 412; x_wconf 84' lang='lat' dir='ltr'>nempe</span> <span class='ocrx_word' id='word_1_12' title='bbox 1288 350 1341 395; x_wconf 73' lang='lat' dir='ltr'>de</span> <span class='ocrx_word' id='word_1_13' title='bbox 1371 353 1478 398; x_wconf 86' lang='lat' dir='ltr'>Filio</span> 
     </span>
     <span class='ocr_line' id='line_1_3' title="bbox 103 417 1481 485; baseline 0.001 -18"><span class='ocrx_word' id='word_1_14' title='bbox 103 421 200 485; x_wconf 77' lang='lat' dir='ltr'>ipso</span> <span class='ocrx_word' id='word_1_15' title='bbox 226 419 418 467; x_wconf 83' lang='lat' dir='ltr'>dicitur:</span> <span class='ocrx_word' id='word_1_16' title='bbox 448 441 468 462; x_wconf 80' lang='grc' dir='ltr'>α</span> <span class='ocrx_word' id='word_1_17' title='bbox 498 419 586 477; x_wconf 83' lang='lat' dir='ltr'>Qui</span> <span class='ocrx_word' id='word_1_18' title='bbox 619 435 685 464; x_wconf 91' lang='lat' dir='ltr'>me</span> <span class='ocrx_word' id='word_1_19' title='bbox 709 417 873 473; x_wconf 84' lang='lat' dir='ltr'>dilexit,</span> <span class='ocrx_word' id='word_1_20' title='bbox 907 428 947 464; x_wconf 90' lang='lat' dir='ltr'>et</span> <span class='ocrx_word' id='word_1_21' title='bbox 983 417 1164 465; x_wconf 81' lang='lat' dir='ltr'>tradidit</span> <span class='ocrx_word' id='word_1_22' title='bbox 1202 422 1481 485; x_wconf 84' lang='lat' dir='ltr'>semetipsum</span> 
     </span>
     <span class='ocr_line' id='line_1_4' title="bbox 105 488 1484 555; baseline 0.004 -22"><span class='ocrx_word' id='word_1_23' title='bbox 105 508 218 555; x_wconf 82' lang='lat' dir='ltr'>»pro</span> <span class='ocrx_word' id='word_1_24' title='bbox 235 490 332 538; x_wconf 72' lang='lat' dir='ltr'>me1</span> <span class='ocrx_word' id='word_1_25' title='bbox 355 509 365 536; x_wconf 75' lang='grc' dir='ltr'>ε</span> <span class='ocrx_word' id='word_1_26' title='bbox 396 512 415 532; x_wconf 71' lang='lat' dir='ltr'>n</span> <span class='ocrx_word' id='word_1_27' title='bbox 439 507 595 554; x_wconf 88' lang='lat' dir='ltr'>nempe</span> <span class='ocrx_word' id='word_1_28' title='bbox 618 499 660 535; x_wconf 87' lang='lat' dir='ltr'>et</span> <span class='ocrx_word' id='word_1_29' title='bbox 693 488 746 534; x_wconf 89' lang='lat' dir='ltr'>de</span> <span class='ocrx_word' id='word_1_30' title='bbox 768 488 898 535; x_wconf 81' lang='lat' dir='ltr'>Judai</span> <span class='ocrx_word' id='word_1_31' title='bbox 921 488 1109 545; x_wconf 89' lang='lat' dir='ltr'>dicitur,</span> <span class='ocrx_word' id='word_1_32' title='bbox 1129 489 1250 553; x_wconf 91' lang='lat' dir='ltr'>quod</span> <span class='ocrx_word' id='word_1_33' title='bbox 1269 491 1484 538; x_wconf 80' lang='lat' dir='ltr'>introierit</span> 
     </span>
     <span class='ocr_line' id='line_1_5' title="bbox 105 559 1489 623; baseline 0 -14"><span class='ocrx_word' id='word_1_34' title='bbox 105 563 152 609; x_wconf 91' lang='lat' dir='ltr'>in</span> <span class='ocrx_word' id='word_1_35' title='bbox 172 579 271 609; x_wconf 88' lang='lat' dir='ltr'>eum</span> <span class='ocrx_word' id='word_1_36' title='bbox 298 562 496 622; x_wconf 81' lang='lat' dir='ltr'>Satanas,</span> <span class='ocrx_word' id='word_1_37' title='bbox 520 574 568 607; x_wconf 87' lang='lat' dir='ltr'>ut</span> <span class='ocrx_word' id='word_1_38' title='bbox 596 559 781 606; x_wconf 83' lang='lat' dir='ltr'>traderet</span> <span class='ocrx_word' id='word_1_39' title='bbox 807 560 1016 606; x_wconf 81' lang='lat' dir='ltr'>Chrstum</span> <span class='ocrx_word' id='word_1_40' title='bbox 1033 561 1066 608; x_wconf 80' lang='lat'>2.</span> <span class='ocrx_word' id='word_1_41' title='bbox 1096 566 1208 608; x_wconf 90' lang='lat' dir='ltr'>Cum</span> <span class='ocrx_word' id='word_1_42' title='bbox 1227 573 1383 623; x_wconf 85' lang='lat' dir='ltr'>ergoet</span> <span class='ocrx_word' id='word_1_43' title='bbox 1405 567 1489 609; x_wconf 82' lang='lat' dir='ltr'>Pa-</span> 
     </span>
     <span class='ocr_line' id='line_1_6' title="bbox 110 631 1486 697; baseline 0 -17"><span class='ocrx_word' id='word_1_44' title='bbox 110 644 173 680; x_wconf 87' lang='lat' dir='ltr'>ter</span> <span class='ocrx_word' id='word_1_45' title='bbox 194 632 423 680; x_wconf 79' lang='lat' dir='ltr'>tradiderit</span> <span class='ocrx_word' id='word_1_46' title='bbox 439 632 596 678; x_wconf 88' lang='lat' dir='ltr'>Filium</span> <span class='ocrx_word' id='word_1_47' title='bbox 614 648 758 688; x_wconf 88' lang='lat' dir='ltr'>suum,</span> <span class='ocrx_word' id='word_1_48' title='bbox 779 631 924 694; x_wconf 86' lang='lat' dir='ltr'>etipse</span> <span class='ocrx_word' id='word_1_49' title='bbox 948 631 1148 677; x_wconf 76' lang='lat' dir='ltr'>Christus</span> <span class='ocrx_word' id='word_1_50' title='bbox 1164 649 1324 697; x_wconf 87' lang='lat' dir='ltr'>corpus</span> <span class='ocrx_word' id='word_1_51' title='bbox 1338 651 1486 690; x_wconf 79' lang='lat' dir='ltr'>suum,</span> 
     </span>
     <span class='ocr_line' id='line_1_7' title="bbox 110 701 1493 759; baseline 0 -9"><span class='ocrx_word' id='word_1_52' title='bbox 110 715 153 750; x_wconf 89' lang='lat' dir='ltr'>et</span> <span class='ocrx_word' id='word_1_53' title='bbox 178 703 312 750; x_wconf 86' lang='lat' dir='ltr'>Judas</span> <span class='ocrx_word' id='word_1_54' title='bbox 337 702 575 748; x_wconf 85' lang='lat' dir='ltr'>Dominum</span> <span class='ocrx_word' id='word_1_55' title='bbox 602 719 744 759; x_wconf 86' lang='lat' dir='ltr'>suum,</span> <span class='ocrx_word' id='word_1_56' title='bbox 763 701 904 747; x_wconf 90' lang='lat' dir='ltr'>curin</span> <span class='ocrx_word' id='word_1_57' title='bbox 930 701 1015 746; x_wconf 88' lang='lat' dir='ltr'>hac</span> <span class='ocrx_word' id='word_1_58' title='bbox 1036 701 1268 749; x_wconf 82' lang='lat' dir='ltr'>traditione</span> <span class='ocrx_word' id='word_1_59' title='bbox 1292 705 1407 750; x_wconf 91' lang='lat' dir='ltr'>Deus</span> <span class='ocrx_word' id='word_1_60' title='bbox 1430 717 1493 750; x_wconf 85' lang='lat' dir='ltr'>est</span> 
     </span>
     <span class='ocr_line' id='line_1_8' title="bbox 111 772 1492 839; baseline 0.001 -19"><span class='ocrx_word' id='word_1_61' title='bbox 111 774 230 839; x_wconf 77' lang='lat' dir='ltr'>pius,</span> <span class='ocrx_word' id='word_1_62' title='bbox 267 784 309 820; x_wconf 89' lang='lat' dir='ltr'>et</span> <span class='ocrx_word' id='word_1_63' title='bbox 337 773 472 820; x_wconf 86' lang='lat' dir='ltr'>homo</span> <span class='ocrx_word' id='word_1_64' title='bbox 504 790 616 824; x_wconf 74' lang='lat' dir='ltr'>reus,</span> <span class='ocrx_word' id='word_1_65' title='bbox 644 772 725 818; x_wconf 81' lang='lat' dir='ltr'>nisi</span> <span class='ocrx_word' id='word_1_66' title='bbox 744 772 847 835; x_wconf 85' lang='lat' dir='ltr'>quia</span> <span class='ocrx_word' id='word_1_67' title='bbox 866 772 910 817; x_wconf 91' lang='lat' dir='ltr'>in</span> <span class='ocrx_word' id='word_1_68' title='bbox 936 789 980 818; x_wconf 90' lang='lat' dir='ltr'>re</span> <span class='ocrx_word' id='word_1_69' title='bbox 1001 789 1102 829; x_wconf 78' lang='lat' dir='ltr'>una,</span> <span class='ocrx_word' id='word_1_70' title='bbox 1128 790 1260 837; x_wconf 73' lang='lat' dir='ltr'>quam</span> <span class='ocrx_word' id='word_1_71' title='bbox 1280 774 1492 833; x_wconf 84' lang='lat' dir='ltr'>fecerunt,</span> 
     </span>
     <span class='ocr_line' id='line_1_9' title="bbox 115 842 1498 906; baseline 0.002 -15"><span class='ocrx_word' id='word_1_72' title='bbox 115 861 246 891; x_wconf 86' lang='lat' dir='ltr'>causa</span> <span class='ocrx_word' id='word_1_73' title='bbox 280 861 367 890; x_wconf 85' lang='lat' dir='ltr'>non</span> <span class='ocrx_word' id='word_1_74' title='bbox 393 861 479 890; x_wconf 84' lang='lat' dir='ltr'>una</span> <span class='ocrx_word' id='word_1_75' title='bbox 502 854 589 900; x_wconf 83' lang='lat' dir='ltr'>est,</span> <span class='ocrx_word' id='word_1_76' title='bbox 612 843 670 889; x_wconf 89' lang='lat' dir='ltr'>ob</span> <span class='ocrx_word' id='word_1_77' title='bbox 699 859 833 906; x_wconf 83' lang='lat' dir='ltr'>quam</span> <span class='ocrx_word' id='word_1_78' title='bbox 877 842 1109 890; x_wconf 73' lang='lat' dir='ltr'>fecerunt?</span> <span class='ocrx_word' id='word_1_79' title='bbox 1135 845 1239 891; x_wconf 82' lang='lat' dir='ltr'>Tres</span> <span class='ocrx_word' id='word_1_80' title='bbox 1271 863 1420 893; x_wconf 88' lang='lat' dir='ltr'>cruces</span> <span class='ocrx_word' id='word_1_81' title='bbox 1451 848 1498 894; x_wconf 86' lang='lat' dir='ltr'>iu</span> 
     </span>
     <span class='ocr_line' id='line_1_10' title="bbox 116 913 1500 972; baseline 0.002 -10"><span class='ocrx_word' id='word_1_82' title='bbox 116 915 214 962; x_wconf 89' lang='lat' dir='ltr'>loco</span> <span class='ocrx_word' id='word_1_83' title='bbox 242 932 329 962; x_wconf 91' lang='lat' dir='ltr'>uno</span> <span class='ocrx_word' id='word_1_84' title='bbox 360 925 508 970; x_wconf 81' lang='lat' dir='ltr'>erant;</span> <span class='ocrx_word' id='word_1_85' title='bbox 535 915 580 960; x_wconf 85' lang='lat' dir='ltr'>in</span> <span class='ocrx_word' id='word_1_86' title='bbox 606 931 706 970; x_wconf 80' lang='lat' dir='ltr'>una,</span> <span class='ocrx_word' id='word_1_87' title='bbox 736 913 846 959; x_wconf 85' lang='lat' dir='ltr'>latro</span> <span class='ocrx_word' id='word_1_88' title='bbox 870 913 1146 969; x_wconf 71' lang='lat' dir='ltr'>liberandus3</span> <span class='ocrx_word' id='word_1_89' title='bbox 1185 916 1229 962; x_wconf 92' lang='lat' dir='ltr'>in</span> <span class='ocrx_word' id='word_1_90' title='bbox 1253 916 1356 972; x_wconf 77' lang='lat' dir='ltr'>alia,</span> <span class='ocrx_word' id='word_1_91' title='bbox 1387 917 1500 965; x_wconf 88' lang='lat' dir='ltr'>latro</span> 
     </span>
     <span class='ocr_line' id='line_1_11' title="bbox 119 984 1501 1045; baseline 0.003 -13"><span class='ocrx_word' id='word_1_92' title='bbox 119 986 423 1040; x_wconf 80' lang='lat' dir='ltr'>damnandus3</span> <span class='ocrx_word' id='word_1_93' title='bbox 456 987 501 1032; x_wconf 92' lang='lat' dir='ltr'>in</span> <span class='ocrx_word' id='word_1_94' title='bbox 536 984 706 1040; x_wconf 85' lang='lat' dir='ltr'>media,</span> <span class='ocrx_word' id='word_1_95' title='bbox 735 985 962 1039; x_wconf 62' lang='lat' dir='ltr'>Christus,</span> <span class='ocrx_word' id='word_1_96' title='bbox 1001 985 1182 1032; x_wconf 84' lang='lat' dir='ltr'>alterum</span> <span class='ocrx_word' id='word_1_97' title='bbox 1213 987 1501 1045; x_wconf 78' lang='lat' dir='ltr'>liberaturus,</span> 
     </span>
     <span class='ocr_line' id='line_1_12' title="bbox 123 1055 1506 1126; baseline 0.003 -23"><span class='ocrx_word' id='word_1_98' title='bbox 123 1057 306 1104; x_wconf 86' lang='lat' dir='ltr'>alterum</span> <span class='ocrx_word' id='word_1_99' title='bbox 333 1056 619 1103; x_wconf 77' lang='lat' dir='ltr'>damnaturus</span> <span class='ocrx_word' id='word_1_100' title='bbox 642 1074 653 1101; x_wconf 73' lang='grc' dir='ltr'>ε</span> <span class='ocrx_word' id='word_1_101' title='bbox 677 1055 786 1120; x_wconf 87' lang='lat' dir='ltr'>quid</span> <span class='ocrx_word' id='word_1_102' title='bbox 811 1056 991 1102; x_wconf 88' lang='lat' dir='ltr'>similius</span> <span class='ocrx_word' id='word_1_103' title='bbox 1013 1057 1105 1103; x_wconf 88' lang='lat' dir='ltr'>istis</span> <span class='ocrx_word' id='word_1_104' title='bbox 1135 1059 1373 1106; x_wconf 71' lang='lat' dir='ltr'>crucibus?</span> <span class='ocrx_word' id='word_1_105' title='bbox 1397 1061 1506 1126; x_wconf 81' lang='lat' dir='ltr'>quid</span> 
     </span>
     <span class='ocr_line' id='line_1_13' title="bbox 123 1127 1508 1192; baseline 0.002 -17"><span class='ocrx_word' id='word_1_106' title='bbox 123 1128 374 1176; x_wconf 84' lang='lat' dir='ltr'>dissimilius</span> <span class='ocrx_word' id='word_1_107' title='bbox 389 1129 479 1175; x_wconf 86' lang='lat' dir='ltr'>istis</span> <span class='ocrx_word' id='word_1_108' title='bbox 497 1127 792 1192; x_wconf 75' lang='lat' dir='ltr'>pendentibus</span> <span class='ocrx_word' id='word_1_109' title='bbox 817 1131 835 1174; x_wconf 60' lang='lat'>‚3</span> <span class='ocrx_word' id='word_1_110' title='bbox 861 1128 1067 1175; x_wconf 74' lang='lat' dir='ltr'>Traditus</span> <span class='ocrx_word' id='word_1_111' title='bbox 1089 1140 1151 1175; x_wconf 88' lang='lat' dir='ltr'>est</span> <span class='ocrx_word' id='word_1_112' title='bbox 1184 1130 1344 1177; x_wconf 86' lang='lat' dir='ltr'>Paulus</span> <span class='ocrx_word' id='word_1_113' title='bbox 1359 1132 1508 1178; x_wconf 79' lang='lat' dir='ltr'>inclu-</span> 
     </span>
     <span class='ocr_line' id='line_1_14' title="bbox 126 1198 1512 1262; baseline 0.002 -16"><span class='ocrx_word' id='word_1_114' title='bbox 126 1199 296 1246; x_wconf 88' lang='lat' dir='ltr'>dendus</span> <span class='ocrx_word' id='word_1_115' title='bbox 334 1211 376 1246; x_wconf 90' lang='lat' dir='ltr'>et</span> <span class='ocrx_word' id='word_1_116' title='bbox 410 1199 682 1260; x_wconf 79' lang='lat' dir='ltr'>colligandus</span> <span class='ocrx_word' id='word_1_117' title='bbox 718 1198 753 1253; x_wconf 75' lang='lat'>3,</span> <span class='ocrx_word' id='word_1_118' title='bbox 797 1199 869 1245; x_wconf 84' lang='lat' dir='ltr'>sed</span> <span class='ocrx_word' id='word_1_119' title='bbox 894 1199 1093 1262; x_wconf 86' lang='lat' dir='ltr'>quolibet</span> <span class='ocrx_word' id='word_1_120' title='bbox 1122 1202 1303 1248; x_wconf 88' lang='lat' dir='ltr'>custode</span> <span class='ocrx_word' id='word_1_121' title='bbox 1330 1206 1512 1250; x_wconf 77' lang='lat' dir='ltr'>carceris</span> 
     </span>
    </p>
   </div>
   <div class='ocr_carea' id='block_1_3' title="bbox 129 1270 1515 1404">
    <p class='ocr_par' dir='ltr' id='par_1_3' title="bbox 129 1270 1515 1404">
     <span class='ocr_line' id='line_1_15' title="bbox 129 1270 1515 1334; baseline 0.002 -18"><span class='ocrx_word' id='word_1_122' title='bbox 129 1273 252 1334; x_wconf 84' lang='lat' dir='ltr'>pejor</span> <span class='ocrx_word' id='word_1_123' title='bbox 282 1281 344 1316; x_wconf 92' lang='lat' dir='ltr'>est</span> <span class='ocrx_word' id='word_1_124' title='bbox 369 1270 519 1334; x_wconf 90' lang='lat' dir='ltr'>utique</span> <span class='ocrx_word' id='word_1_125' title='bbox 540 1272 745 1323; x_wconf 50' lang='lat' dir='ltr'>satanam</span> <span class='ocrx_word' id='word_1_126' title='bbox 771 1270 842 1315; x_wconf 82' lang='lat' dir='ltr'>cui</span> <span class='ocrx_word' id='word_1_127' title='bbox 864 1281 1004 1315; x_wconf 81' lang='lat' dir='ltr'>tamen</span> <span class='ocrx_word' id='word_1_128' title='bbox 1028 1272 1119 1333; x_wconf 86' lang='lat' dir='ltr'>ipse</span> <span class='ocrx_word' id='word_1_129' title='bbox 1139 1272 1301 1319; x_wconf 88' lang='lat' dir='ltr'>Paulus</span> <span class='ocrx_word' id='word_1_130' title='bbox 1333 1273 1515 1321; x_wconf 76' lang='lat' dir='ltr'>tradidit</span> 
     </span>
     <span class='ocr_line' id='line_1_16' title="bbox 133 1339 1513 1404; baseline 0.007 -18"><span class='ocrx_word' id='word_1_131' title='bbox 133 1340 356 1386; x_wconf 89' lang='lat' dir='ltr'>hominem</span> <span class='ocrx_word' id='word_1_132' title='bbox 376 1339 395 1369; x_wconf 66' lang='lat'>¹⁴</span> <span class='ocrx_word' id='word_1_133' title='bbox 418 1341 463 1386; x_wconf 89' lang='lat' dir='ltr'>in</span> <span class='ocrx_word' id='word_1_134' title='bbox 501 1340 725 1386; x_wconf 89' lang='lat' dir='ltr'>interitum</span> <span class='ocrx_word' id='word_1_135' title='bbox 747 1341 905 1395; x_wconf 71' lang='lat' dir='ltr'>carnis,</span> <span class='ocrx_word' id='word_1_136' title='bbox 935 1351 983 1386; x_wconf 90' lang='lat' dir='ltr'>ut</span> <span class='ocrx_word' id='word_1_137' title='bbox 1004 1342 1181 1404; x_wconf 85' lang='lat' dir='ltr'>spiritus</span> <span class='ocrx_word' id='word_1_138' title='bbox 1216 1343 1356 1391; x_wconf 83' lang='lat' dir='ltr'>salvus</span> <span class='ocrx_word' id='word_1_139' title='bbox 1387 1347 1441 1394; x_wconf 83' lang='lat' dir='ltr'>sit</span> <span class='ocrx_word' id='word_1_140' title='bbox 1470 1349 1513 1395; x_wconf 91' lang='lat' dir='ltr'>in</span> 
     </span>
    </p>
   </div>
   <div class='ocr_carea' id='block_1_4' title="bbox 134 1410 1526 2543">
    <p class='ocr_par' dir='ltr' id='par_1_4' title="bbox 134 1410 1526 2027">
     <span class='ocr_line' id='line_1_17' title="bbox 134 1410 1513 1475; baseline 0.005 -17"><span class='ocrx_word' id='word_1_141' title='bbox 134 1410 204 1458; x_wconf 88' lang='lat' dir='ltr'>die</span> <span class='ocrx_word' id='word_1_142' title='bbox 227 1411 404 1458; x_wconf 88' lang='lat' dir='ltr'>Domini</span> <span class='ocrx_word' id='word_1_143' title='bbox 423 1415 536 1458; x_wconf 88' lang='lat' dir='ltr'>Jesu.</span> <span class='ocrx_word' id='word_1_144' title='bbox 562 1413 616 1457; x_wconf 81' lang='lat' dir='ltr'>Et</span> <span class='ocrx_word' id='word_1_145' title='bbox 640 1410 715 1457; x_wconf 88' lang='lat' dir='ltr'>bic</span> <span class='ocrx_word' id='word_1_146' title='bbox 733 1411 839 1475; x_wconf 88' lang='lat' dir='ltr'>quid</span> <span class='ocrx_word' id='word_1_147' title='bbox 863 1411 1080 1458; x_wconf 66' lang='lat' dir='ltr'>dicimus?</span> <span class='ocrx_word' id='word_1_148' title='bbox 1110 1413 1221 1460; x_wconf 80' lang='lat' dir='ltr'>Ecce</span> <span class='ocrx_word' id='word_1_149' title='bbox 1246 1415 1407 1463; x_wconf 87' lang='lat' dir='ltr'>mitiori</span> <span class='ocrx_word' id='word_1_150' title='bbox 1427 1429 1513 1465; x_wconf 84' lang='lat' dir='ltr'>tra-</span> 
     </span>
     <span class='ocr_line' id='line_1_18' title="bbox 135 1482 1518 1540; baseline 0.005 -9"><span class='ocrx_word' id='word_1_151' title='bbox 135 1483 250 1531; x_wconf 86' lang='lat' dir='ltr'>didit</span> <span class='ocrx_word' id='word_1_152' title='bbox 270 1482 459 1531; x_wconf 86' lang='lat' dir='ltr'>crudelis</span> <span class='ocrx_word' id='word_1_153' title='bbox 485 1483 683 1540; x_wconf 82' lang='lat' dir='ltr'>traditor,</span> <span class='ocrx_word' id='word_1_154' title='bbox 704 1483 937 1529; x_wconf 85' lang='lat' dir='ltr'>crudeliori</span> <span class='ocrx_word' id='word_1_155' title='bbox 956 1484 1140 1531; x_wconf 81' lang='lat' dir='ltr'>tradidit</span> <span class='ocrx_word' id='word_1_156' title='bbox 1157 1487 1397 1536; x_wconf 83' lang='lat' dir='ltr'>misericors</span> <span class='ocrx_word' id='word_1_157' title='bbox 1425 1501 1518 1538; x_wconf 83' lang='lat' dir='ltr'>tra-</span> 
     </span>
     <span class='ocr_line' id='line_1_19' title="bbox 136 1554 1517 1620; baseline 0.005 -18"><span class='ocrx_word' id='word_1_158' title='bbox 136 1555 266 1603; x_wconf 81' lang='lat' dir='ltr'>ditor.</span> <span class='ocrx_word' id='word_1_159' title='bbox 300 1555 526 1602; x_wconf 86' lang='lat' dir='ltr'>Discamus</span> <span class='ocrx_word' id='word_1_160' title='bbox 545 1554 679 1601; x_wconf 86' lang='lat' dir='ltr'>frater</span> <span class='ocrx_word' id='word_1_161' title='bbox 700 1554 745 1600; x_wconf 86' lang='lat' dir='ltr'>in</span> <span class='ocrx_word' id='word_1_162' title='bbox 763 1554 1049 1602; x_wconf 88' lang='lat' dir='ltr'>similitudine</span> <span class='ocrx_word' id='word_1_163' title='bbox 1072 1573 1252 1620; x_wconf 88' lang='lat' dir='ltr'>operum</span> <span class='ocrx_word' id='word_1_164' title='bbox 1276 1559 1517 1610; x_wconf 87' lang='lat' dir='ltr'>discernere</span> 
     </span>
     <span class='ocr_line' id='line_1_20' title="bbox 138 1625 1521 1692; baseline 0.008 -20"><span class='ocrx_word' id='word_1_165' title='bbox 138 1627 305 1673; x_wconf 85' lang='lat' dir='ltr'>animos</span> <span class='ocrx_word' id='word_1_166' title='bbox 330 1626 606 1690; x_wconf 82' lang='lat' dir='ltr'>operantium</span> <span class='ocrx_word' id='word_1_167' title='bbox 624 1663 635 1682; x_wconf 87' lang='lat'>‚</span> <span class='ocrx_word' id='word_1_168' title='bbox 676 1642 756 1672; x_wconf 88' lang='lat' dir='ltr'>nec</span> <span class='ocrx_word' id='word_1_169' title='bbox 788 1625 942 1671; x_wconf 86' lang='lat' dir='ltr'>clausis</span> <span class='ocrx_word' id='word_1_170' title='bbox 961 1627 1098 1673; x_wconf 85' lang='lat' dir='ltr'>oculis</span> <span class='ocrx_word' id='word_1_171' title='bbox 1120 1628 1453 1692; x_wconf 86' lang='lat' dir='ltr'>calumniemur,</span> <span class='ocrx_word' id='word_1_172' title='bbox 1478 1649 1521 1683; x_wconf 89' lang='lat' dir='ltr'>et</span> 
     </span>
     <span class='ocr_line' id='line_1_21' title="bbox 137 1696 1517 1760; baseline 0.008 -18"><span class='ocrx_word' id='word_1_173' title='bbox 137 1696 370 1744; x_wconf 87' lang='lat' dir='ltr'>benevolos</span> <span class='ocrx_word' id='word_1_174' title='bbox 395 1714 476 1760; x_wconf 90' lang='lat' dir='ltr'>pro</span> <span class='ocrx_word' id='word_1_175' title='bbox 495 1696 756 1742; x_wconf 87' lang='lat' dir='ltr'>nocentibus</span> <span class='ocrx_word' id='word_1_176' title='bbox 780 1713 1042 1744; x_wconf 82' lang='lat' dir='ltr'>accusemus.</span> <span class='ocrx_word' id='word_1_177' title='bbox 1071 1699 1181 1744; x_wconf 90' lang='lat' dir='ltr'>Item</span> <span class='ocrx_word' id='word_1_178' title='bbox 1209 1717 1307 1747; x_wconf 90' lang='lat' dir='ltr'>cum</span> <span class='ocrx_word' id='word_1_179' title='bbox 1328 1703 1517 1753; x_wconf 86' lang='lat' dir='ltr'>aitidem</span> 
     </span>
     <span class='ocr_line' id='line_1_22' title="bbox 141 1766 1526 1831; baseline -0.002 -17"><span class='ocrx_word' id='word_1_180' title='bbox 141 1767 393 1831; x_wconf 85' lang='lat' dir='ltr'>Apostolus,</span> <span class='ocrx_word' id='word_1_181' title='bbox 443 1766 669 1813; x_wconf 87' lang='lat' dir='ltr'>tradidisse</span> <span class='ocrx_word' id='word_1_182' title='bbox 702 1784 744 1813; x_wconf 90' lang='lat' dir='ltr'>se</span> <span class='ocrx_word' id='word_1_183' title='bbox 763 1766 974 1831; x_wconf 87' lang='lat' dir='ltr'>quosdam</span> <span class='ocrx_word' id='word_1_184' title='bbox 1001 1767 1174 1815; x_wconf 80' lang='lat' dir='ltr'>Satanae</span> <span class='ocrx_word' id='word_1_185' title='bbox 1189 1769 1224 1825; x_wconf 78' lang='grc'>5,</span> <span class='ocrx_word' id='word_1_186' title='bbox 1256 1782 1304 1817; x_wconf 87' lang='lat' dir='ltr'>ut</span> <span class='ocrx_word' id='word_1_187' title='bbox 1332 1772 1526 1823; x_wconf 82' lang='lat' dir='ltr'>dicerent</span> 
     </span>
     <span class='ocr_line' id='line_1_23' title="bbox 138 1837 1520 1909; baseline 0.007 -25"><span class='ocrx_word' id='word_1_188' title='bbox 138 1856 224 1884; x_wconf 88' lang='lat' dir='ltr'>non</span> <span class='ocrx_word' id='word_1_189' title='bbox 248 1838 570 1903; x_wconf 83' lang='lat' dir='ltr'>blasphemare,</span> <span class='ocrx_word' id='word_1_190' title='bbox 614 1837 777 1884; x_wconf 81' lang='lat' dir='ltr'>malum</span> <span class='ocrx_word' id='word_1_191' title='bbox 803 1855 885 1901; x_wconf 91' lang='lat' dir='ltr'>pro</span> <span class='ocrx_word' id='word_1_192' title='bbox 910 1838 1024 1885; x_wconf 85' lang='lat' dir='ltr'>malo</span> <span class='ocrx_word' id='word_1_193' title='bbox 1050 1838 1258 1895; x_wconf 77' lang='lat' dir='ltr'>reddidit,</span> <span class='ocrx_word' id='word_1_194' title='bbox 1287 1861 1341 1889; x_wconf 87' lang='lat' dir='ltr'>an</span> <span class='ocrx_word' id='word_1_195' title='bbox 1374 1848 1520 1909; x_wconf 83' lang='lat' dir='ltr'>potius</span> 
     </span>
     <span class='ocr_line' id='line_1_24' title="bbox 142 1907 1519 1979; baseline 0.009 -25"><span class='ocrx_word' id='word_1_196' title='bbox 142 1909 276 1955; x_wconf 82' lang='lat' dir='ltr'>malos</span> <span class='ocrx_word' id='word_1_197' title='bbox 298 1909 426 1954; x_wconf 87' lang='lat' dir='ltr'>ctiam</span> <span class='ocrx_word' id='word_1_198' title='bbox 452 1925 529 1972; x_wconf 87' lang='lat' dir='ltr'>per</span> <span class='ocrx_word' id='word_1_199' title='bbox 553 1907 715 1954; x_wconf 87' lang='lat' dir='ltr'>malum</span> <span class='ocrx_word' id='word_1_200' title='bbox 744 1907 990 1963; x_wconf 68' lang='lat' dir='ltr'>emendare,</span> <span class='ocrx_word' id='word_1_201' title='bbox 1014 1910 1179 1957; x_wconf 91' lang='lat' dir='ltr'>bonum</span> <span class='ocrx_word' id='word_1_202' title='bbox 1207 1928 1320 1977; x_wconf 87' lang='lat' dir='ltr'>opus</span> <span class='ocrx_word' id='word_1_203' title='bbox 1343 1922 1519 1979; x_wconf 84' lang='lat' dir='ltr'>esseju-</span> 
     </span>
     <span class='ocr_line' id='line_1_25' title="bbox 141 1980 339 2027; baseline -0.005 0"><span class='ocrx_word' id='word_1_204' title='bbox 141 1980 339 2027; x_wconf 68' lang='lat' dir='ltr'>dicavit?</span> 
     </span>
    </p>

    <p class='ocr_par' dir='ltr' id='par_1_5' title="bbox 142 2049 1524 2543">
     <span class='ocr_line' id='line_1_26' title="bbox 206 2049 1518 2123; baseline 0.005 -26"><span class='ocrx_word' id='word_1_205' title='bbox 206 2052 330 2098; x_wconf 82' lang='lat' dir='ltr'><strong>VIII.</strong></span> <span class='ocrx_word' id='word_1_206' title='bbox 359 2050 404 2096; x_wconf 86' lang='lat' dir='ltr'>Si</span> <span class='ocrx_word' id='word_1_207' title='bbox 439 2067 609 2113; x_wconf 83' lang='lat' dir='ltr'>semper</span> <span class='ocrx_word' id='word_1_208' title='bbox 628 2059 734 2095; x_wconf 87' lang='lat' dir='ltr'>esset</span> <span class='ocrx_word' id='word_1_209' title='bbox 764 2049 986 2096; x_wconf 86' lang='lat' dir='ltr'>laudabile</span> <span class='ocrx_word' id='word_1_210' title='bbox 1025 2056 1367 2114; x_wconf 86' lang='lat' dir='ltr'>persecutionem</span> <span class='ocrx_word' id='word_1_211' title='bbox 1401 2064 1518 2123; x_wconf 58' lang='lat' dir='ltr'>pati,</span> 
     </span>
     <span class='ocr_line' id='line_1_27' title="bbox 142 2119 1521 2196; baseline 0.004 -27"><span class='ocrx_word' id='word_1_212' title='bbox 142 2121 357 2169; x_wconf 81' lang='lat' dir='ltr'>sufficeret</span> <span class='ocrx_word' id='word_1_213' title='bbox 381 2120 572 2168; x_wconf 88' lang='lat' dir='ltr'>Domino</span> <span class='ocrx_word' id='word_1_214' title='bbox 592 2119 764 2166; x_wconf 84' lang='lat' dir='ltr'>dicere:</span> <span class='ocrx_word' id='word_1_215' title='bbox 792 2141 811 2163; x_wconf 77' lang='grc' dir='ltr'>α</span> <span class='ocrx_word' id='word_1_216' title='bbox 834 2121 953 2167; x_wconf 87' lang='lat' dir='ltr'>Beati</span> <span class='ocrx_word' id='word_1_217' title='bbox 979 2121 1055 2184; x_wconf 86' lang='lat' dir='ltr'>qui</span> <span class='ocrx_word' id='word_1_218' title='bbox 1070 2127 1416 2185; x_wconf 88' lang='lat' dir='ltr'>persecutionem</span> <span class='ocrx_word' id='word_1_219' title='bbox 1438 2150 1521 2196; x_wconf 76' lang='lat' dir='ltr'>pa-</span> 
     </span>
     <span class='ocr_line' id='line_1_28' title="bbox 144 2190 1520 2254; baseline 0.005 -18"><span class='ocrx_word' id='word_1_220' title='bbox 144 2193 367 2249; x_wconf 79' lang='lat' dir='ltr'>»tiuntur3</span> <span class='ocrx_word' id='word_1_221' title='bbox 385 2214 406 2234; x_wconf 88' lang='lat'>))</span> <span class='ocrx_word' id='word_1_222' title='bbox 426 2208 506 2237; x_wconf 88' lang='lat' dir='ltr'>nec</span> <span class='ocrx_word' id='word_1_223' title='bbox 535 2190 714 2236; x_wconf 88' lang='lat' dir='ltr'>adderet</span> <span class='ocrx_word' id='word_1_224' title='bbox 741 2209 751 2236; x_wconf 74' lang='grc' dir='ltr'><strong><em>ι</em></strong></span> <span class='ocrx_word' id='word_1_225' title='bbox 779 2212 800 2233; x_wconf 80' lang='grc' dir='ltr'>α</span> <span class='ocrx_word' id='word_1_226' title='bbox 819 2191 1230 2254; x_wconf 86' lang='lat' dir='ltr'>Propterjustitiam</span> <span class='ocrx_word' id='word_1_227' title='bbox 1247 2197 1279 2243; x_wconf 78' lang='grc'>6.</span> <span class='ocrx_word' id='word_1_228' title='bbox 1307 2220 1326 2239; x_wconf 80' lang='lat'>&gt;1</span> <span class='ocrx_word' id='word_1_229' title='bbox 1350 2199 1456 2248; x_wconf 86' lang='lat' dir='ltr'>Item</span> <span class='ocrx_word' id='word_1_230' title='bbox 1487 2207 1520 2251; x_wconf 70' lang='lat' dir='ltr'>si</span> 
     </span>
     <span class='ocr_line' id='line_1_29' title="bbox 144 2261 1524 2338; baseline 0.003 -28"><span class='ocrx_word' id='word_1_231' title='bbox 144 2281 313 2327; x_wconf 86' lang='lat' dir='ltr'>semper</span> <span class='ocrx_word' id='word_1_232' title='bbox 337 2272 442 2309; x_wconf 84' lang='lat' dir='ltr'>esset</span> <span class='ocrx_word' id='word_1_233' title='bbox 467 2261 689 2324; x_wconf 85' lang='lat' dir='ltr'>culpabile</span> <span class='ocrx_word' id='word_1_234' title='bbox 707 2263 1047 2325; x_wconf 86' lang='lat' dir='ltr'>persecutionem</span> <span class='ocrx_word' id='word_1_235' title='bbox 1074 2263 1230 2321; x_wconf 81' lang='lat' dir='ltr'>facere,</span> <span class='ocrx_word' id='word_1_236' title='bbox 1266 2284 1354 2314; x_wconf 89' lang='lat' dir='ltr'>non</span> <span class='ocrx_word' id='word_1_237' title='bbox 1379 2272 1524 2338; x_wconf 79' lang='lat' dir='ltr'>scrip..</span> 
     </span>
     <span class='ocr_line' id='line_1_30' title="bbox 147 2332 1522 2400; baseline 0.002 -17"><span class='ocrx_word' id='word_1_238' title='bbox 147 2348 237 2383; x_wconf 83' lang='lat' dir='ltr'>tum</span> <span class='ocrx_word' id='word_1_239' title='bbox 271 2345 376 2380; x_wconf 78' lang='lat' dir='ltr'>esset</span> <span class='ocrx_word' id='word_1_240' title='bbox 402 2334 446 2379; x_wconf 93' lang='lat' dir='ltr'>in</span> <span class='ocrx_word' id='word_1_241' title='bbox 476 2332 633 2378; x_wconf 80' lang='lat' dir='ltr'>sanctis</span> <span class='ocrx_word' id='word_1_242' title='bbox 656 2332 779 2379; x_wconf 84' lang='lat' dir='ltr'>libris</span> <span class='ocrx_word' id='word_1_243' title='bbox 802 2351 812 2378; x_wconf 77' lang='lat' dir='ltr'><em>z</em></span> <span class='ocrx_word' id='word_1_244' title='bbox 844 2355 862 2374; x_wconf 77' lang='lat' dir='ltr'>c&lt;</span> <span class='ocrx_word' id='word_1_245' title='bbox 886 2334 1193 2381; x_wconf 81' lang='lat' dir='ltr'>Detrahentem</span> <span class='ocrx_word' id='word_1_246' title='bbox 1217 2339 1415 2400; x_wconf 84' lang='lat' dir='ltr'>proximo</span> <span class='ocrx_word' id='word_1_247' title='bbox 1444 2362 1522 2392; x_wconf 80' lang='lat' dir='ltr'>suo</span> 
     </span>
     <span class='ocr_line' id='line_1_31' title="bbox 147 2404 1520 2475; baseline 0.009 -25"><span class='ocrx_word' id='word_1_248' title='bbox 147 2431 166 2450; x_wconf 65' lang='grc' dir='ltr'><strong>υ</strong></span> <span class='ocrx_word' id='word_1_249' title='bbox 176 2405 364 2462; x_wconf 75' lang='lat' dir='ltr'>occulte,</span> <span class='ocrx_word' id='word_1_250' title='bbox 382 2404 502 2449; x_wconf 86' lang='lat' dir='ltr'>hune</span> <span class='ocrx_word' id='word_1_251' title='bbox 518 2404 850 2466; x_wconf 60' lang='lat' dir='ltr'>persequebaiff.</span> <span class='ocrx_word' id='word_1_252' title='bbox 876 2426 894 2444; x_wconf 88' lang='lat'>»</span> <span class='ocrx_word' id='word_1_253' title='bbox 910 2404 1160 2467; x_wconf 75' lang='lat' dir='ltr'>Aliquando</span> <span class='ocrx_word' id='word_1_254' title='bbox 1174 2423 1275 2467; x_wconf 84' lang='lat' dir='ltr'>ergo</span> <span class='ocrx_word' id='word_1_255' title='bbox 1287 2413 1520 2475; x_wconf 82' lang='lat' dir='ltr'>etquieani</span> 
     </span>
     <span class='ocr_line' id='line_1_32' title="bbox 148 2473 1522 2543; baseline -0.001 -18"><span class='ocrx_word' id='word_1_256' title='bbox 148 2479 331 2543; x_wconf 85' lang='lat' dir='ltr'>patitur,</span> <span class='ocrx_word' id='word_1_257' title='bbox 359 2475 543 2535; x_wconf 88' lang='lat' dir='ltr'>injustus</span> <span class='ocrx_word' id='word_1_258' title='bbox 570 2484 650 2529; x_wconf 68' lang='lat' dir='ltr'>est,</span> <span class='ocrx_word' id='word_1_259' title='bbox 684 2484 726 2519; x_wconf 89' lang='lat' dir='ltr'>et</span> <span class='ocrx_word' id='word_1_260' title='bbox 755 2473 830 2536; x_wconf 82' lang='lat' dir='ltr'>qui</span> <span class='ocrx_word' id='word_1_261' title='bbox 868 2491 962 2520; x_wconf 88' lang='lat' dir='ltr'>eam</span> <span class='ocrx_word' id='word_1_262' title='bbox 1000 2474 1123 2532; x_wconf 74' lang='lat' dir='ltr'>facit,</span> <span class='ocrx_word' id='word_1_263' title='bbox 1152 2479 1297 2537; x_wconf 89' lang='lat' dir='ltr'>justus</span> <span class='ocrx_word' id='word_1_264' title='bbox 1330 2493 1406 2530; x_wconf 72' lang='lat' dir='ltr'>est,</span> <span class='ocrx_word' id='word_1_265' title='bbox 1439 2487 1522 2534; x_wconf 61' lang='lat' dir='ltr'>Sed</span> 
     </span>
    </p>
   </div>
   <div class='ocr_carea' id='block_1_5' title="bbox 149 2573 1525 2731">
    <p class='ocr_par' dir='ltr' id='par_1_6' title="bbox 149 2573 1525 2731">
     <span class='ocr_line' id='line_1_33' title="bbox 197 2573 1512 2620; baseline 0.001 -13"><span class='ocrx_word' id='word_1_266' title='bbox 197 2580 205 2600; x_wconf 91' lang='lat'><strong>¹</strong></span> <span class='ocrx_word' id='word_1_267' title='bbox 229 2577 333 2608; x_wconf 79' lang='lat' dir='ltr'>Galat.</span> <span class='ocrx_word' id='word_1_268' title='bbox 365 2587 400 2608; x_wconf 80' lang='grc' dir='ltr'>ιι,</span> <span class='ocrx_word' id='word_1_269' title='bbox 431 2586 481 2607; x_wconf 78' lang='lat'>20.</span> <span class='ocrx_word' id='word_1_270' title='bbox 513 2592 555 2599; x_wconf 82' lang='lat'>-—</span> <span class='ocrx_word' id='word_1_271' title='bbox 576 2573 592 2595; x_wconf 72' lang='lat'><strong>²</strong></span> <span class='ocrx_word' id='word_1_272' title='bbox 609 2577 703 2606; x_wconf 65' lang='lat' dir='ltr'>Jeanv</span> <span class='ocrx_word' id='word_1_273' title='bbox 727 2586 804 2609; x_wconf 67' lang='lat' dir='ltr'>xiii.</span> <span class='ocrx_word' id='word_1_274' title='bbox 828 2586 858 2606; x_wconf 63' lang='grc' dir='ltr'>α.</span> <span class='ocrx_word' id='word_1_275' title='bbox 880 2592 919 2597; x_wconf 90' lang='lat'>—-</span> <span class='ocrx_word' id='word_1_276' title='bbox 952 2573 966 2596; x_wconf 84' lang='lat'><strong>3</strong></span> <span class='ocrx_word' id='word_1_277' title='bbox 998 2578 1066 2609; x_wconf 65' lang='grc' dir='ltr'>ΑΜ.</span> <span class='ocrx_word' id='word_1_278' title='bbox 1100 2587 1165 2610; x_wconf 74' lang='lat' dir='ltr'>xri.</span> <span class='ocrx_word' id='word_1_279' title='bbox 1195 2580 1248 2612; x_wconf 61' lang='grc' dir='ltr'>’ιὸ,</span> <span class='ocrx_word' id='word_1_280' title='bbox 1267 2597 1310 2602; x_wconf 85' lang='grc'><strong>-</strong></span> <span class='ocrx_word' id='word_1_281' title='bbox 1329 2578 1342 2602; x_wconf 85' lang='lat'><strong>⁴</strong></span> <span class='ocrx_word' id='word_1_282' title='bbox 1365 2595 1375 2613; x_wconf 77' lang='lat'><em>1</em></span> <span class='ocrx_word' id='word_1_283' title='bbox 1400 2586 1473 2619; x_wconf 39' lang='grc' dir='ltr'>(ἠῢς,</span> <span class='ocrx_word' id='word_1_284' title='bbox 1496 2600 1512 2620; x_wconf 49' lang='lat'>5.</span> 
     </span>
     <span class='ocr_line' id='line_1_34' title="bbox 149 2619 1525 2669; baseline 0.001 -8"><span class='ocrx_word' id='word_1_285' title='bbox 149 2653 191 2661; x_wconf 91' lang='lat'>.-</span> <span class='ocrx_word' id='word_1_286' title='bbox 210 2634 253 2664; x_wconf 69' lang='lat'>-31</span> <span class='ocrx_word' id='word_1_287' title='bbox 279 2636 362 2663; x_wconf 47' lang='lat' dir='ltr'>istiu.</span> <span class='ocrx_word' id='word_1_288' title='bbox 390 2644 415 2665; x_wconf 74' lang='grc' dir='ltr'>ι,</span> <span class='ocrx_word' id='word_1_289' title='bbox 437 2642 485 2661; x_wconf 70' lang='lat'>20.</span> <span class='ocrx_word' id='word_1_290' title='bbox 506 2650 540 2654; x_wconf 91' lang='lat'>-—</span> <span class='ocrx_word' id='word_1_291' title='bbox 561 2627 574 2650; x_wconf 66' lang='lat'><strong>⁰</strong></span> <span class='ocrx_word' id='word_1_292' title='bbox 592 2628 621 2656; x_wconf 56' lang='grc' dir='ltr'>Ἦ</span> <span class='ocrx_word' id='word_1_293' title='bbox 638 2630 695 2661; x_wconf 64' lang='grc' dir='ltr'>ιῐὶΙι</span> <span class='ocrx_word' id='word_1_294' title='bbox 734 2643 762 2669; x_wconf 67' lang='lat' dir='ltr'>v,</span> <span class='ocrx_word' id='word_1_295' title='bbox 790 2642 826 2661; x_wconf 88' lang='lat'>10</span> <span class='ocrx_word' id='word_1_296' title='bbox 854 2649 896 2653; x_wconf 93' lang='lat'>—</span> <span class='ocrx_word' id='word_1_297' title='bbox 915 2630 926 2652; x_wconf 74' lang='grc' dir='ltr'>Ῐ</span> <span class='ocrx_word' id='word_1_298' title='bbox 951 2633 1015 2662; x_wconf 69' lang='lat' dir='ltr'>Psai</span> <span class='ocrx_word' id='word_1_299' title='bbox 1046 2643 1072 2663; x_wconf 77' lang='lat' dir='ltr'>c.</span> <span class='ocrx_word' id='word_1_300' title='bbox 1094 2635 1122 2665; x_wconf 77' lang='grc'>5.</span> <span class='ocrx_word' id='word_1_301' title='bbox 1518 2619 1525 2626; x_wconf 46' lang='lat'>⁸</span> 
     </span>
     <span class='ocr_line' id='line_1_35' title="bbox 281 2702 420 2731; baseline 0.007 -1"><span class='ocrx_word' id='word_1_302' title='bbox 281 2702 420 2731; x_wconf 51' lang='lat'>(3151.</span> 
     </span>
    </p>
   </div>
   <div class='ocr_carea' id='block_1_6' title="bbox 1350 2711 1400 2739">
    <p class='ocr_par' dir='ltr' id='par_1_7' title="bbox 1350 2711 1400 2739">
     <span class='ocr_line' id='line_1_36' title="bbox 1350 2711 1400 2739; baseline -0.02 0"><span class='ocrx_word' id='word_1_303' title='bbox 1350 2711 1400 2739; x_wconf 19' lang='lat'>1¹2</span> 
     </span>
    </p>
   </div>
  </div>
 </body>
</html>
