1902 3268
339 222 396 275 tls,
762 229 795 259 s.
841 227 1087 259 Aususrlm
1124 227 1322 258 EPlscom

338 302 504 355 dentes,
525 298 559 344 si
584 297 708 357 Legis
731 295 935 342 mandata
956 293 1229 347 custodiant;
1258 293 1345 338 hoc
1375 304 1438 338 est
1458 294 1490 338 si
1509 293 1721 338 sacrificia

339 371 538 424 offerant,
557 384 656 431 quae
680 365 840 412 obtulit
876 364 1066 418 Paulus3
1103 365 1137 410 si
1173 363 1281 409 filios
1315 362 1652 419 circumcidant,
1688 363 1722 409 si

338 441 571 487 sabbatum
597 447 783 492 servent,
805 446 854 481 ut
874 435 1037 481 Paulus
1062 435 1107 480 in
1130 433 1383 490 Timotheo,
1404 445 1446 480 et
1466 452 1613 480 omnes
1636 435 1721 480 ob-

340 526 558 557 servavere
577 512 599 552 J
604 506 735 553 udaei.
761 507 806 552 Si
827 506 913 551 hoc
932 521 1081 552 verum
1099 515 1185 559 est3
1205 506 1249 551 in
1274 505 1474 552 Cerinthi
1500 517 1542 551 et
1562 506 1724 551 Hebio-

342 584 406 628 nis
439 579 643 626 haeresim
684 577 951 633 delabimur,
993 575 1070 639 qui
1115 575 1335 622 credentes
1376 577 1422 622 in
1462 577 1690 622 Christum
1712 613 1722 631 ‚

344 663 525 717 propter
546 650 634 696 hoc
652 650 792 696 solum
821 667 844 695 a
866 648 1068 712 patribus
1094 647 1446 694 anathematizati
1472 658 1589 704 sunt,
1607 646 1727 711 quod

342 724 465 784 Legis
488 721 767 768 caeremonias
796 720 963 765 Christi
993 718 1226 778 Evangelio
1252 718 1548 774 miscuerunt,
1579 729 1621 764 et
1663 718 1723 763 sic

344 811 456 842 nova
474 792 656 840 confessi
674 801 792 846 sunt,
812 801 861 836 ut
883 800 1026 836 vetera
1043 807 1131 835 non
1146 789 1411 845 omitterent,
1440 790 1559 846 Quid
1584 790 1729 835 dicam

347 865 400 911 de
412 861 677 917 Hebionitis,
695 862 773 925 qui
787 861 1056 907 Christianos
1077 877 1164 906 esse
1178 877 1220 905 se
1235 860 1442 905 simulant
1456 863 1474 905 Ξ)
1486 861 1632 923 Usque
1653 860 1732 904 ho-

348 935 417 982 die
442 951 520 998 per
538 943 649 978 totas
667 931 861 977 Orientis
873 947 1112 994 synagogas
1132 931 1244 976 inter
1261 930 1438 976 Judaeos
1458 931 1637 976 haeresis
1651 940 1729 985 est,

349 1022 450 1070 quae
471 1004 638 1050 dicitur
661 1001 928 1058 Mineorum,
952 1012 994 1047 et
1017 1019 1041 1047 a
1064 1001 1297 1046 Pharisaeis
1317 1018 1435 1047 nunc
1454 1018 1591 1064 usque
1607 1000 1706 1046 dam
1721 1028 1734 1034 ·

348 1087 494 1131 natur,
535 1090 645 1138 quos
681 1073 812 1133 vulgo
837 1074 1050 1119 Nazareos
1072 1084 1352 1134 nuncupant,
1380 1073 1457 1135 qui
1474 1072 1664 1118 credunt
1690 1072 1735 1117 in

353 1146 582 1193 Christum
611 1144 770 1189 Filium
792 1144 889 1200 Dei,
928 1153 1079 1188 natum
1107 1142 1160 1188 de
1184 1143 1350 1202 virgine
1388 1143 1525 1188 Maria
1545 1163 1556 1197 ;
1579 1153 1619 1188 et
1637 1159 1735 1188 eum

352 1216 508 1264 dicunt
526 1232 630 1272 esse,
659 1214 736 1278 qui
757 1214 839 1259 sub
861 1214 1019 1259 Pontio
1045 1213 1188 1259 Pilato
1222 1230 1372 1275 passus
1395 1224 1484 1270 est,
1520 1224 1561 1259 et
1594 1230 1739 1259 resur-

351 1288 475 1344 rexit,
497 1287 542 1332 in
553 1302 683 1349 quem
708 1296 750 1331 et
766 1302 843 1330 nos
864 1284 1082 1330 credimus
1102 1302 1112 1329 :
1137 1283 1211 1329 sed
1231 1284 1336 1329 dum
1359 1284 1513 1330 volunt
1533 1295 1576 1330 et
1594 1284 1740 1330 Judaei

350 1376 436 1405 esse
466 1368 508 1404 et
529 1356 787 1411 Christiani,
830 1373 909 1401 nec
933 1354 1083 1401 Judaei»
1105 1365 1207 1400 sunt
1233 1372 1312 1399 nec
1355 1355 1612 1401 Christiani.
1645 1355 1739 1399 Oro

354 1446 455 1489 ergo
479 1439 549 1484 te,
590 1437 655 1482 ut,
684 1427 760 1489 qui
797 1437 946 1471 nostro
988 1425 1251 1472 vulnusculo
1291 1425 1554 1471 medendum
1586 1436 1737 1489 putas,

356 1499 476 1565 quod
500 1514 582 1545 acu
604 1497 813 1552 locatum,
834 1496 923 1542 imo
951 1506 1167 1560 punctum
1185 1516 1195 1549 3
1215 1506 1262 1541 ut
1282 1495 1462 1551 dicitur,
1489 1496 1621 1556 huJus
1642 1514 1743 1542 sen-

356 1570 503 1617 tentiae
522 1567 732 1614 medearis
752 1566 939 1622 vulneri,
969 1566 1090 1630 quod
1114 1566 1283 1621 lancea,
1306 1577 1354 1612 ut
1377 1566 1437 1611 ita
1461 1565 1604 1611 dicam
1626 1566 1744 1629 pha—

352 1641 499 1688 laricae
530 1638 642 1684 mole
660 1654 912 1701 percussum
938 1647 999 1682 est
1034 1638 1116 1698 [73-
1150 1636 1300 1699 Neque
1323 1638 1437 1681 enim
1469 1636 1662 1696 ejusdem
1683 1647 1745 1681 est

357 1711 551 1760 criminis
565 1711 612 1756 in
627 1710 930 1773 explanatione
958 1708 1288 1770 Scripturarum
1316 1707 1504 1753 diversas
1530 1711 1743 1767 majorum

358 1782 588 1831 sententias
604 1798 766 1845 ponere
784 1818 795 1836 ,
818 1790 860 1825 et
885 1779 1083 1825 haeresim
1110 1779 1477 1824 sceleratissimam
1503 1796 1675 1825 rursum
1701 1780 1745 1824 in

361 1853 600 1902 Ecclesiam
620 1850 910 1897 introducere.
951 1850 1029 1895 Sin
1061 1860 1203 1895 autem
1243 1850 1342 1894 haec
1375 1850 1502 1894 nobis
1528 1850 1744 1896 incumbit

360 1924 604 1976 necessitas,
630 1932 679 1966 ut
706 1921 882 1966 Judaeos
901 1936 1001 1965 cum
1035 1919 1238 1979 legitimis
1264 1921 1352 1965 suis
1379 1920 1680 1983 suscipiamus,
1706 1932 1747 1966 et

358 1994 510 2041 licebit
532 1992 590 2037 eis
611 1991 840 2036 observare
863 1990 908 2035 in
927 1989 1116 2035 ecclesiis
1137 1989 1302 2034 Christi
1323 1989 1442 2052 quod
1465 2002 1747 2036 exercuerunt

359 2066 405 2112 in
423 2062 649 2128 synagogis
682 2064 885 2114 Satanae3
912 2059 1057 2104 dicam
1080 2059 1199 2123 quod
1219 2060 1372 2116 sentio,
1401 2078 1489 2106 non
1506 2060 1569 2107 illi
1588 2060 1748 2108 Chris-

363 2135 471 2183 tiani
498 2135 619 2188 fient,
648 2131 720 2178 sed
742 2148 820 2176 nos
835 2130 1013 2175 Judaeos
1034 2129 1209 2177 facient.
1236 2152 1255 2172 n

423 2203 541 2251 XIV.
555 2224 574 2244 ς(
587 2202 696 2259 Quis
713 2202 828 2246 enim
845 2199 1201 2246 Christianorum
1224 2201 1438 2263 patienter
1452 2201 1614 2257 audiat,
1628 2200 1747 2265 quod

362 2277 494 2323 intua
523 2272 704 2337 epistola
733 2272 1009 2324 continetur;
1034 2270 1239 2332 [Judaeus
1257 2283 1348 2317 erat
1373 2272 1567 2318 Paulus?
1592 2272 1748 2317 Chris-

362 2349 505 2394 tianus
520 2355 666 2390 autem
689 2343 848 2398 factus,
877 2359 964 2387 non
984 2340 1243 2387 Judaeorum
1268 2353 1537 2388 sacramenta
1558 2342 1747 2406 relique-

318 2421 320 2423 ’
360 2429 454 2471 rat;
501 2433 602 2480 quae
626 2415 932 2460 convenienter
955 2412 1026 2458 ille
1048 2412 1241 2476 populus
1269 2423 1309 2458 et
1333 2412 1526 2471 legitimo
1555 2422 1748 2476 tempore

358 2506 446 2554 quo
466 2486 716 2551 oportebat,
739 2494 965 2548 acceperat
985 2501 995 2528 ε
1019 2483 1202 2546 ideoque
1215 2484 1404 2547 suscepit
1421 2483 1681 2529 celebranda
1700 2501 1750 2529 ea

359 2577 459 2607 curn
481 2563 571 2617 jam
595 2555 760 2602 Christi
781 2566 886 2601 esset
914 2554 1170 2618 Apostolus;
1191 2565 1235 2600 ut
1257 2553 1433 2599 doceret
1446 2571 1536 2602 non
1556 2571 1643 2601 esse
1657 2571 1752 2619 per·
