<?xml version="1.0" encoding="UTF-8"?>
<!DOCTYPE html PUBLIC "-//W3C//DTD XHTML 1.0 Transitional//EN"
    "http://www.w3.org/TR/xhtml1/DTD/xhtml1-transitional.dtd">
<html xmlns="http://www.w3.org/1999/xhtml" xml:lang="en" lang="en">
 <head>
  <title>
</title>
<meta http-equiv="Content-Type" content="text/html;charset=utf-8" />
  <meta name='ocr-system' content='tesseract 3.04.00' />
  <meta name='ocr-capabilities' content='ocr_page ocr_carea ocr_par ocr_line ocrx_word'/>
</head>
<body>
  <div class='ocr_page' id='page_1' title='image "./operaomniaaccura39auguuoft/operaomniaaccura39auguuoft_0055.png"; bbox 0 0 1902 3268; ppageno 0'>
   <div class='ocr_carea' id='block_1_1' title="bbox 621 256 1522 316">
    <p class='ocr_par' dir='ltr' id='par_1_1' title="bbox 621 256 1522 316">
     <span class='ocr_line' id='line_1_1' title="bbox 621 256 1522 316; baseline 0.008 -16"><span class='ocrx_word' id='word_1_1' title='bbox 621 269 834 301; x_wconf 36' lang='lat' dir='ltr'>r-,msrorra</span> <span class='ocrx_word' id='word_1_2' title='bbox 874 269 1030 302; x_wconf 76' lang='lat' dir='ltr'>Lxxm.</span> <span class='ocrx_word' id='word_1_3' title='bbox 1470 256 1522 316; x_wconf 65' lang='grc' dir='ltr'>’,ὅ</span> 
     </span>
    </p>
   </div>
   <div class='ocr_carea' id='block_1_2' title="bbox 146 334 1528 1746">
    <p class='ocr_par' dir='ltr' id='par_1_2' title="bbox 146 334 1525 950">
     <span class='ocr_line' id='line_1_2' title="bbox 151 334 1521 402; baseline 0.004 -19"><span class='ocrx_word' id='word_1_4' title='bbox 151 347 268 383; x_wconf 88' lang='lat' dir='ltr'>caret</span> <span class='ocrx_word' id='word_1_5' title='bbox 301 334 458 382; x_wconf 86' lang='lat' dir='ltr'>delicto</span> <span class='ocrx_word' id='word_1_6' title='bbox 488 352 618 400; x_wconf 84' lang='lat' dir='ltr'>quem</span> <span class='ocrx_word' id='word_1_7' title='bbox 652 336 921 395; x_wconf 84' lang='lat' dir='ltr'>arguendum</span> <span class='ocrx_word' id='word_1_8' title='bbox 951 347 1106 400; x_wconf 87' lang='lat' dir='ltr'>putas;</span> <span class='ocrx_word' id='word_1_9' title='bbox 1145 348 1219 383; x_wconf 88' lang='lat' dir='ltr'>aut</span> <span class='ocrx_word' id='word_1_10' title='bbox 1247 351 1429 402; x_wconf 83' lang='lat' dir='ltr'>paterno</span> <span class='ocrx_word' id='word_1_11' title='bbox 1454 342 1521 387; x_wconf 85' lang='lat' dir='ltr'>af-</span> 
     </span>
     <span class='ocr_line' id='line_1_3' title="bbox 149 406 1519 471; baseline 0.005 -19"><span class='ocrx_word' id='word_1_12' title='bbox 149 407 264 453; x_wconf 90' lang='lat' dir='ltr'>fectu</span> <span class='ocrx_word' id='word_1_13' title='bbox 287 406 476 453; x_wconf 81' lang='lat' dir='ltr'>mulceas</span> <span class='ocrx_word' id='word_1_14' title='bbox 494 443 504 463; x_wconf 90' lang='lat'>,</span> <span class='ocrx_word' id='word_1_15' title='bbox 521 424 651 471; x_wconf 90' lang='lat' dir='ltr'>quem</span> <span class='ocrx_word' id='word_1_16' title='bbox 676 407 863 467; x_wconf 75' lang='lat' dir='ltr'>abjicere</span> <span class='ocrx_word' id='word_1_17' title='bbox 887 425 1086 471; x_wconf 81' lang='lat' dir='ltr'><strong>nequeas.</strong></span> <span class='ocrx_word' id='word_1_18' title='bbox 1113 410 1259 454; x_wconf 88' lang='lat' dir='ltr'>Potest</span> <span class='ocrx_word' id='word_1_19' title='bbox 1275 412 1390 456; x_wconf 86' lang='lat' dir='ltr'>enim</span> <span class='ocrx_word' id='word_1_20' title='bbox 1411 412 1519 460; x_wconf 79' lang='lat' dir='ltr'>fieri.</span> 
     </span>
     <span class='ocr_line' id='line_1_4' title="bbox 149 476 1523 542; baseline 0.004 -20"><span class='ocrx_word' id='word_1_21' title='bbox 149 487 198 522; x_wconf 89' lang='lat' dir='ltr'>ut</span> <span class='ocrx_word' id='word_1_22' title='bbox 222 477 304 523; x_wconf 88' lang='lat' dir='ltr'>tibi</span> <span class='ocrx_word' id='word_1_23' title='bbox 327 476 444 524; x_wconf 87' lang='lat' dir='ltr'>aliud</span> <span class='ocrx_word' id='word_1_24' title='bbox 472 477 673 525; x_wconf 88' lang='lat' dir='ltr'>videatur</span> <span class='ocrx_word' id='word_1_25' title='bbox 704 494 837 542; x_wconf 88' lang='lat' dir='ltr'>quam</span> <span class='ocrx_word' id='word_1_26' title='bbox 875 480 1028 525; x_wconf 89' lang='lat' dir='ltr'>veritas</span> <span class='ocrx_word' id='word_1_27' title='bbox 1051 479 1186 525; x_wconf 84' lang='lat' dir='ltr'>habet</span> <span class='ocrx_word' id='word_1_28' title='bbox 1207 517 1216 535; x_wconf 77' lang='grc'><em>,</em></span> <span class='ocrx_word' id='word_1_29' title='bbox 1246 480 1352 526; x_wconf 88' lang='lat' dir='ltr'>dum</span> <span class='ocrx_word' id='word_1_30' title='bbox 1384 491 1523 527; x_wconf 84' lang='lat' dir='ltr'>tamen</span> 
     </span>
     <span class='ocr_line' id='line_1_5' title="bbox 149 547 1523 612; baseline 0.003 -19"><span class='ocrx_word' id='word_1_31' title='bbox 149 547 225 593; x_wconf 84' lang='lat' dir='ltr'>abs</span> <span class='ocrx_word' id='word_1_32' title='bbox 249 558 290 593; x_wconf 89' lang='lat' dir='ltr'>te</span> <span class='ocrx_word' id='word_1_33' title='bbox 324 548 443 594; x_wconf 89' lang='lat' dir='ltr'>aliud</span> <span class='ocrx_word' id='word_1_34' title='bbox 473 565 563 594; x_wconf 89' lang='lat' dir='ltr'>non</span> <span class='ocrx_word' id='word_1_35' title='bbox 586 549 663 594; x_wconf 89' lang='lat' dir='ltr'>fiat</span> <span class='ocrx_word' id='word_1_36' title='bbox 685 565 814 612; x_wconf 90' lang='lat' dir='ltr'>quam</span> <span class='ocrx_word' id='word_1_37' title='bbox 843 549 1035 595; x_wconf 83' lang='lat' dir='ltr'>charitas</span> <span class='ocrx_word' id='word_1_38' title='bbox 1071 550 1202 595; x_wconf 82' lang='lat' dir='ltr'>habet</span> <span class='ocrx_word' id='word_1_39' title='bbox 1226 569 1236 596; x_wconf 74' lang='grc' dir='ltr'>ε</span> <span class='ocrx_word' id='word_1_40' title='bbox 1265 569 1365 596; x_wconf 88' lang='lat' dir='ltr'>nam</span> <span class='ocrx_word' id='word_1_41' title='bbox 1387 563 1427 597; x_wconf 83' lang='lat' dir='ltr'>et</span> <span class='ocrx_word' id='word_1_42' title='bbox 1446 569 1523 612; x_wconf 84' lang='lat' dir='ltr'>ego</span> 
     </span>
     <span class='ocr_line' id='line_1_6' title="bbox 149 617 1525 684; baseline 0.003 -20"><span class='ocrx_word' id='word_1_43' title='bbox 149 617 469 665; x_wconf 82' lang='lat' dir='ltr'>amiscissimam</span> <span class='ocrx_word' id='word_1_44' title='bbox 485 619 862 683; x_wconf 81' lang='lat' dir='ltr'>reprehensionem</span> <span class='ocrx_word' id='word_1_45' title='bbox 877 620 1114 680; x_wconf 84' lang='lat' dir='ltr'>gratissime</span> <span class='ocrx_word' id='word_1_46' title='bbox 1124 622 1335 684; x_wconf 74' lang='lat' dir='ltr'>accipiam</span> <span class='ocrx_word' id='word_1_47' title='bbox 1352 624 1525 668; x_wconf 81' lang='lat' dir='ltr'>:etiam-</span> 
     </span>
     <span class='ocr_line' id='line_1_7' title="bbox 148 688 1520 756; baseline 0.003 -21"><span class='ocrx_word' id='word_1_48' title='bbox 148 688 182 734; x_wconf 90' lang='lat' dir='ltr'>si</span> <span class='ocrx_word' id='word_1_49' title='bbox 206 689 469 753; x_wconf 88' lang='lat' dir='ltr'>reprehendi</span> <span class='ocrx_word' id='word_1_50' title='bbox 501 707 590 736; x_wconf 91' lang='lat' dir='ltr'>non</span> <span class='ocrx_word' id='word_1_51' title='bbox 614 692 773 736; x_wconf 84' lang='lat' dir='ltr'>meruit</span> <span class='ocrx_word' id='word_1_52' title='bbox 792 727 802 746; x_wconf 86' lang='lat'><strong>‚</strong></span> <span class='ocrx_word' id='word_1_53' title='bbox 829 690 949 754; x_wconf 90' lang='lat' dir='ltr'>quod</span> <span class='ocrx_word' id='word_1_54' title='bbox 985 701 1100 736; x_wconf 88' lang='lat' dir='ltr'>recte</span> <span class='ocrx_word' id='word_1_55' title='bbox 1138 691 1310 737; x_wconf 84' lang='lat' dir='ltr'>defendi</span> <span class='ocrx_word' id='word_1_56' title='bbox 1346 705 1487 756; x_wconf 78' lang='lat' dir='ltr'>potest</span> <span class='ocrx_word' id='word_1_57' title='bbox 1511 715 1520 739; x_wconf 74' lang='grc' dir='ltr'>ε</span> 
     </span>
     <span class='ocr_line' id='line_1_8' title="bbox 148 761 1522 827; baseline 0.003 -21"><span class='ocrx_word' id='word_1_58' title='bbox 148 770 223 805; x_wconf 88' lang='lat' dir='ltr'>aut</span> <span class='ocrx_word' id='word_1_59' title='bbox 241 777 472 820; x_wconf 82' lang='lat' dir='ltr'>agnoscam</span> <span class='ocrx_word' id='word_1_60' title='bbox 499 761 627 807; x_wconf 90' lang='lat' dir='ltr'>simul</span> <span class='ocrx_word' id='word_1_61' title='bbox 660 772 702 807; x_wconf 89' lang='lat' dir='ltr'>et</span> <span class='ocrx_word' id='word_1_62' title='bbox 734 761 1079 808; x_wconf 81' lang='lat' dir='ltr'>benevolentiam</span> <span class='ocrx_word' id='word_1_63' title='bbox 1105 773 1221 808; x_wconf 87' lang='lat' dir='ltr'>tuam</span> <span class='ocrx_word' id='word_1_64' title='bbox 1244 800 1255 819; x_wconf 86' lang='lat'>,</span> <span class='ocrx_word' id='word_1_65' title='bbox 1283 774 1325 809; x_wconf 87' lang='lat' dir='ltr'>et</span> <span class='ocrx_word' id='word_1_66' title='bbox 1349 764 1522 827; x_wconf 80' lang='lat' dir='ltr'>culpam</span> 
     </span>
     <span class='ocr_line' id='line_1_9' title="bbox 146 831 1524 895; baseline 0.003 -18"><span class='ocrx_word' id='word_1_67' title='bbox 146 847 310 886; x_wconf 82' lang='lat' dir='ltr'>meam3</span> <span class='ocrx_word' id='word_1_68' title='bbox 336 843 378 877; x_wconf 92' lang='lat' dir='ltr'>et</span> <span class='ocrx_word' id='word_1_69' title='bbox 396 843 610 895; x_wconf 90' lang='lat' dir='ltr'>quantum</span> <span class='ocrx_word' id='word_1_70' title='bbox 635 832 845 878; x_wconf 87' lang='lat' dir='ltr'>Dominus</span> <span class='ocrx_word' id='word_1_71' title='bbox 862 831 1014 891; x_wconf 89' lang='lat' dir='ltr'>donat,</span> <span class='ocrx_word' id='word_1_72' title='bbox 1033 833 1078 878; x_wconf 89' lang='lat' dir='ltr'>in</span> <span class='ocrx_word' id='word_1_73' title='bbox 1097 833 1180 880; x_wconf 87' lang='lat' dir='ltr'>alio</span> <span class='ocrx_word' id='word_1_74' title='bbox 1194 844 1357 894; x_wconf 81' lang='lat' dir='ltr'>gratus,</span> <span class='ocrx_word' id='word_1_75' title='bbox 1378 835 1422 880; x_wconf 92' lang='lat' dir='ltr'>in</span> <span class='ocrx_word' id='word_1_76' title='bbox 1441 835 1524 881; x_wconf 89' lang='lat' dir='ltr'>alio</span> 
     </span>
     <span class='ocr_line' id='line_1_10' title="bbox 146 901 627 950; baseline 0.004 -3"><span class='ocrx_word' id='word_1_77' title='bbox 146 901 399 949; x_wconf 88' lang='lat' dir='ltr'>emendatus</span> <span class='ocrx_word' id='word_1_78' title='bbox 418 902 627 950; x_wconf 86' lang='lat' dir='ltr'>inveniar.</span> 
     </span>
    </p>

    <p class='ocr_par' dir='ltr' id='par_1_3' title="bbox 146 971 1528 1746">
     <span class='ocr_line' id='line_1_11' title="bbox 213 971 1524 1034; baseline 0.004 -17"><span class='ocrx_word' id='word_1_79' title='bbox 213 972 287 1020; x_wconf 85' lang='lat' dir='ltr'>IV.</span> <span class='ocrx_word' id='word_1_80' title='bbox 312 972 431 1029; x_wconf 89' lang='lat' dir='ltr'>Quid</span> <span class='ocrx_word' id='word_1_81' title='bbox 445 989 544 1034; x_wconf 83' lang='lat' dir='ltr'>ergo</span> <span class='ocrx_word' id='word_1_82' title='bbox 562 1010 573 1030; x_wconf 93' lang='lat'>,</span> <span class='ocrx_word' id='word_1_83' title='bbox 594 971 770 1020; x_wconf 86' lang='lat' dir='ltr'>sortasse</span> <span class='ocrx_word' id='word_1_84' title='bbox 796 973 924 1029; x_wconf 87' lang='lat' dir='ltr'>dura,</span> <span class='ocrx_word' id='word_1_85' title='bbox 952 974 1026 1020; x_wconf 88' lang='lat' dir='ltr'>sed</span> <span class='ocrx_word' id='word_1_86' title='bbox 1046 984 1161 1020; x_wconf 87' lang='lat' dir='ltr'>certe</span> <span class='ocrx_word' id='word_1_87' title='bbox 1181 974 1373 1021; x_wconf 86' lang='lat' dir='ltr'>salubria</span> <span class='ocrx_word' id='word_1_88' title='bbox 1390 977 1524 1022; x_wconf 73' lang='lat' dir='ltr'>verba</span> 
     </span>
     <span class='ocr_line' id='line_1_12' title="bbox 147 1043 1528 1107; baseline 0.001 -19"><span class='ocrx_word' id='word_1_89' title='bbox 147 1051 246 1100; x_wconf 85' lang='lat' dir='ltr'>tua,</span> <span class='ocrx_word' id='word_1_90' title='bbox 268 1052 478 1107; x_wconf 85' lang='lat' dir='ltr'>tanquam</span> <span class='ocrx_word' id='word_1_91' title='bbox 498 1053 654 1089; x_wconf 82' lang='lat' dir='ltr'>caestus</span> <span class='ocrx_word' id='word_1_92' title='bbox 680 1043 839 1089; x_wconf 88' lang='lat' dir='ltr'>Entelli</span> <span class='ocrx_word' id='word_1_93' title='bbox 855 1081 866 1099; x_wconf 89' lang='lat'>,</span> <span class='ocrx_word' id='word_1_94' title='bbox 896 1044 1203 1106; x_wconf 82' lang='lat' dir='ltr'>pertimescam</span> <span class='ocrx_word' id='word_1_95' title='bbox 1222 1048 1240 1091; x_wconf 69' lang='grc' dir='ltr'><em>Ρ</em></span> <span class='ocrx_word' id='word_1_96' title='bbox 1261 1045 1528 1092; x_wconf 78' lang='lat' dir='ltr'>Caedebatur</span> 
     </span>
     <span class='ocr_line' id='line_1_13' title="bbox 147 1112 1517 1171; baseline 0.004 -12"><span class='ocrx_word' id='word_1_97' title='bbox 147 1112 236 1171; x_wconf 90' lang='lat' dir='ltr'>ille,</span> <span class='ocrx_word' id='word_1_98' title='bbox 258 1131 346 1160; x_wconf 90' lang='lat' dir='ltr'>non</span> <span class='ocrx_word' id='word_1_99' title='bbox 370 1115 638 1168; x_wconf 88' lang='lat' dir='ltr'>curabatur;</span> <span class='ocrx_word' id='word_1_100' title='bbox 659 1125 700 1160; x_wconf 90' lang='lat' dir='ltr'>et</span> <span class='ocrx_word' id='word_1_101' title='bbox 717 1114 814 1160; x_wconf 88' lang='lat' dir='ltr'>ideo</span> <span class='ocrx_word' id='word_1_102' title='bbox 837 1115 1098 1162; x_wconf 80' lang='lat' dir='ltr'>vincebatur</span> <span class='ocrx_word' id='word_1_103' title='bbox 1117 1152 1128 1171; x_wconf 87' lang='lat'>,</span> <span class='ocrx_word' id='word_1_104' title='bbox 1156 1133 1243 1161; x_wconf 84' lang='lat' dir='ltr'>non</span> <span class='ocrx_word' id='word_1_105' title='bbox 1267 1117 1517 1165; x_wconf 80' lang='lat' dir='ltr'>sanabatur.</span> 
     </span>
     <span class='ocr_line' id='line_1_14' title="bbox 147 1184 1525 1250; baseline 0.001 -18"><span class='ocrx_word' id='word_1_106' title='bbox 147 1186 241 1245; x_wconf 87' lang='lat' dir='ltr'>Ego</span> <span class='ocrx_word' id='word_1_107' title='bbox 282 1197 425 1232; x_wconf 84' lang='lat' dir='ltr'>autem</span> <span class='ocrx_word' id='word_1_108' title='bbox 448 1223 459 1243; x_wconf 88' lang='lat'>,</span> <span class='ocrx_word' id='word_1_109' title='bbox 499 1186 534 1232; x_wconf 86' lang='lat' dir='ltr'>si</span> <span class='ocrx_word' id='word_1_110' title='bbox 569 1184 873 1231; x_wconf 85' lang='lat' dir='ltr'>medicinalem</span> <span class='ocrx_word' id='word_1_111' title='bbox 911 1186 1229 1250; x_wconf 86' lang='lat' dir='ltr'>correptionem</span> <span class='ocrx_word' id='word_1_112' title='bbox 1256 1198 1375 1232; x_wconf 83' lang='lat' dir='ltr'>tuam</span> <span class='ocrx_word' id='word_1_113' title='bbox 1400 1199 1525 1233; x_wconf 85' lang='lat' dir='ltr'>tran-</span> 
     </span>
     <span class='ocr_line' id='line_1_15' title="bbox 148 1256 1528 1321; baseline 0.001 -19"><span class='ocrx_word' id='word_1_114' title='bbox 148 1256 312 1320; x_wconf 91' lang='lat' dir='ltr'>quillus</span> <span class='ocrx_word' id='word_1_115' title='bbox 337 1274 564 1321; x_wconf 89' lang='lat' dir='ltr'>accepero,</span> <span class='ocrx_word' id='word_1_116' title='bbox 592 1273 679 1303; x_wconf 88' lang='lat' dir='ltr'>non</span> <span class='ocrx_word' id='word_1_117' title='bbox 701 1256 859 1302; x_wconf 82' lang='lat' dir='ltr'>dolebo</span> <span class='ocrx_word' id='word_1_118' title='bbox 885 1274 894 1302; x_wconf 93' lang='lat'><strong>:</strong></span> <span class='ocrx_word' id='word_1_119' title='bbox 922 1257 1074 1303; x_wconf 75' lang='lat' dir='ltr'>sivero</span> <span class='ocrx_word' id='word_1_120' title='bbox 1096 1257 1326 1303; x_wconf 81' lang='lat' dir='ltr'>infirmitas</span> <span class='ocrx_word' id='word_1_121' title='bbox 1350 1258 1414 1304; x_wconf 77' lang='lat' dir='ltr'>vel</span> <span class='ocrx_word' id='word_1_122' title='bbox 1445 1260 1528 1304; x_wconf 85' lang='lat' dir='ltr'>hu-</span> 
     </span>
     <span class='ocr_line' id='line_1_16' title="bbox 147 1327 1527 1391; baseline 0.001 -18"><span class='ocrx_word' id='word_1_123' title='bbox 147 1344 274 1374; x_wconf 86' lang='lat' dir='ltr'>mana</span> <span class='ocrx_word' id='word_1_124' title='bbox 294 1328 359 1375; x_wconf 92' lang='lat' dir='ltr'>vel</span> <span class='ocrx_word' id='word_1_125' title='bbox 381 1345 474 1374; x_wconf 88' lang='lat' dir='ltr'>mea</span> <span class='ocrx_word' id='word_1_126' title='bbox 493 1364 503 1382; x_wconf 89' lang='lat'>,</span> <span class='ocrx_word' id='word_1_127' title='bbox 531 1328 660 1373; x_wconf 87' lang='lat' dir='ltr'>etiam</span> <span class='ocrx_word' id='word_1_128' title='bbox 685 1343 784 1372; x_wconf 89' lang='lat' dir='ltr'>cum</span> <span class='ocrx_word' id='word_1_129' title='bbox 814 1327 1024 1373; x_wconf 88' lang='lat' dir='ltr'>veraciter</span> <span class='ocrx_word' id='word_1_130' title='bbox 1052 1344 1210 1387; x_wconf 85' lang='lat' dir='ltr'>arguor</span> <span class='ocrx_word' id='word_1_131' title='bbox 1229 1365 1239 1383; x_wconf 86' lang='lat'>,</span> <span class='ocrx_word' id='word_1_132' title='bbox 1272 1345 1361 1373; x_wconf 85' lang='lat' dir='ltr'>non</span> <span class='ocrx_word' id='word_1_133' title='bbox 1385 1339 1527 1391; x_wconf 80' lang='lat' dir='ltr'>potest</span> 
     </span>
     <span class='ocr_line' id='line_1_17' title="bbox 146 1396 1528 1462; baseline 0.001 -18"><span class='ocrx_word' id='word_1_134' title='bbox 146 1398 229 1444; x_wconf 92' lang='lat' dir='ltr'>nisi</span> <span class='ocrx_word' id='word_1_135' title='bbox 253 1397 574 1462; x_wconf 89' lang='lat' dir='ltr'>aliquantulum</span> <span class='ocrx_word' id='word_1_136' title='bbox 605 1396 878 1450; x_wconf 80' lang='lat' dir='ltr'>contristari3</span> <span class='ocrx_word' id='word_1_137' title='bbox 906 1397 1059 1444; x_wconf 90' lang='lat' dir='ltr'>melius</span> <span class='ocrx_word' id='word_1_138' title='bbox 1092 1408 1239 1444; x_wconf 87' lang='lat' dir='ltr'>tumor</span> <span class='ocrx_word' id='word_1_139' title='bbox 1262 1399 1417 1462; x_wconf 85' lang='lat' dir='ltr'>capitis</span> <span class='ocrx_word' id='word_1_140' title='bbox 1442 1400 1528 1445; x_wconf 86' lang='lat' dir='ltr'>do-</span> 
     </span>
     <span class='ocr_line' id='line_1_18' title="bbox 146 1467 1519 1533; baseline 0.001 -17"><span class='ocrx_word' id='word_1_141' title='bbox 146 1470 230 1525; x_wconf 84' lang='lat' dir='ltr'>let,</span> <span class='ocrx_word' id='word_1_142' title='bbox 257 1469 364 1516; x_wconf 91' lang='lat' dir='ltr'>dum</span> <span class='ocrx_word' id='word_1_143' title='bbox 388 1479 591 1525; x_wconf 88' lang='lat' dir='ltr'>curatur,</span> <span class='ocrx_word' id='word_1_144' title='bbox 615 1485 748 1532; x_wconf 89' lang='lat' dir='ltr'>quam</span> <span class='ocrx_word' id='word_1_145' title='bbox 770 1467 876 1514; x_wconf 90' lang='lat' dir='ltr'>dum</span> <span class='ocrx_word' id='word_1_146' title='bbox 907 1469 945 1515; x_wconf 91' lang='lat' dir='ltr'>ei</span> <span class='ocrx_word' id='word_1_147' title='bbox 966 1470 1188 1533; x_wconf 86' lang='lat' dir='ltr'>parcitur,</span> <span class='ocrx_word' id='word_1_148' title='bbox 1220 1487 1308 1516; x_wconf 87' lang='lat' dir='ltr'>non</span> <span class='ocrx_word' id='word_1_149' title='bbox 1330 1482 1519 1519; x_wconf 82' lang='lat' dir='ltr'>sanatur.</span> 
     </span>
     <span class='ocr_line' id='line_1_19' title="bbox 148 1538 1528 1604; baseline -0.001 -16"><span class='ocrx_word' id='word_1_150' title='bbox 148 1540 246 1588; x_wconf 92' lang='lat' dir='ltr'>Hoc</span> <span class='ocrx_word' id='word_1_151' title='bbox 271 1551 334 1587; x_wconf 90' lang='lat' dir='ltr'>est</span> <span class='ocrx_word' id='word_1_152' title='bbox 351 1539 464 1586; x_wconf 89' lang='lat' dir='ltr'>enim</span> <span class='ocrx_word' id='word_1_153' title='bbox 481 1577 491 1595; x_wconf 86' lang='lat'>‚</span> <span class='ocrx_word' id='word_1_154' title='bbox 521 1539 642 1604; x_wconf 89' lang='lat' dir='ltr'>quod</span> <span class='ocrx_word' id='word_1_155' title='bbox 663 1549 790 1585; x_wconf 80' lang='lat' dir='ltr'>acute</span> <span class='ocrx_word' id='word_1_156' title='bbox 810 1538 948 1595; x_wconf 84' lang='lat' dir='ltr'>vidit,</span> <span class='ocrx_word' id='word_1_157' title='bbox 974 1540 1052 1603; x_wconf 91' lang='lat' dir='ltr'>qui</span> <span class='ocrx_word' id='word_1_158' title='bbox 1076 1540 1199 1596; x_wconf 81' lang='lat' dir='ltr'>dixit,</span> <span class='ocrx_word' id='word_1_159' title='bbox 1222 1541 1424 1587; x_wconf 87' lang='lat' dir='ltr'>Utiliores</span> <span class='ocrx_word' id='word_1_160' title='bbox 1441 1559 1528 1587; x_wconf 80' lang='lat' dir='ltr'>esse</span> 
     </span>
     <span class='ocr_line' id='line_1_20' title="bbox 147 1611 1527 1677; baseline -0.002 -18"><span class='ocrx_word' id='word_1_161' title='bbox 147 1612 405 1677; x_wconf 90' lang='lat' dir='ltr'>plerumque</span> <span class='ocrx_word' id='word_1_162' title='bbox 438 1611 638 1658; x_wconf 88' lang='lat' dir='ltr'>inimicos</span> <span class='ocrx_word' id='word_1_163' title='bbox 657 1614 905 1670; x_wconf 81' lang='lat' dir='ltr'>jurganteS,</span> <span class='ocrx_word' id='word_1_164' title='bbox 940 1627 1074 1674; x_wconf 85' lang='lat' dir='ltr'>quam</span> <span class='ocrx_word' id='word_1_165' title='bbox 1106 1611 1269 1657; x_wconf 86' lang='lat' dir='ltr'>amicos</span> <span class='ocrx_word' id='word_1_166' title='bbox 1296 1612 1527 1673; x_wconf 69' lang='lat' dir='ltr'>objurgare</span> 
     </span>
     <span class='ocr_line' id='line_1_21' title="bbox 147 1680 1526 1746; baseline -0.002 -16"><span class='ocrx_word' id='word_1_167' title='bbox 147 1693 399 1730; x_wconf 88' lang='lat' dir='ltr'>metuentes.</span> <span class='ocrx_word' id='word_1_168' title='bbox 438 1681 509 1727; x_wconf 82' lang='lat' dir='ltr'>Illi</span> <span class='ocrx_word' id='word_1_169' title='bbox 546 1681 661 1727; x_wconf 90' lang='lat' dir='ltr'>enim</span> <span class='ocrx_word' id='word_1_170' title='bbox 696 1680 800 1727; x_wconf 92' lang='lat' dir='ltr'>dum</span> <span class='ocrx_word' id='word_1_171' title='bbox 836 1681 1059 1738; x_wconf 83' lang='lat' dir='ltr'>rixantur,</span> <span class='ocrx_word' id='word_1_172' title='bbox 1099 1681 1254 1728; x_wconf 86' lang='lat' dir='ltr'>dicunt</span> <span class='ocrx_word' id='word_1_173' title='bbox 1290 1682 1526 1746; x_wconf 85' lang='lat' dir='ltr'>aliquando</span> 
     </span>
    </p>
   </div>
   <div class='ocr_carea' id='block_1_3' title="bbox 148 1751 1599 1817">
    <p class='ocr_par' dir='ltr' id='par_1_4' title="bbox 148 1751 1599 1817">
     <span class='ocr_line' id='line_1_22' title="bbox 148 1751 1599 1817; baseline -0.003 -15"><span class='ocrx_word' id='word_1_174' title='bbox 148 1771 267 1810; x_wconf 85' lang='lat' dir='ltr'>vera,</span> <span class='ocrx_word' id='word_1_175' title='bbox 295 1769 396 1817; x_wconf 84' lang='lat' dir='ltr'>quae</span> <span class='ocrx_word' id='word_1_176' title='bbox 420 1751 716 1810; x_wconf 83' lang='lat' dir='ltr'>corrigamus:</span> <span class='ocrx_word' id='word_1_177' title='bbox 736 1751 806 1796; x_wconf 84' lang='lat' dir='ltr'>isti</span> <span class='ocrx_word' id='word_1_178' title='bbox 828 1762 971 1797; x_wconf 89' lang='lat' dir='ltr'>autem</span> <span class='ocrx_word' id='word_1_179' title='bbox 990 1752 1219 1809; x_wconf 81' lang='lat' dir='ltr'>minorem,</span> <span class='ocrx_word' id='word_1_180' title='bbox 1244 1769 1376 1816; x_wconf 89' lang='lat' dir='ltr'>quam</span> <span class='ocrx_word' id='word_1_181' title='bbox 1398 1770 1527 1817; x_wconf 89' lang='lat' dir='ltr'>opor·</span> <span class='ocrx_word' id='word_1_182' title='bbox 1593 1757 1599 1763; x_wconf 88' lang='lat'>&#39;</span> 
     </span>
    </p>
   </div>
   <div class='ocr_carea' id='block_1_4' title="bbox 147 1821 1529 2663">
    <p class='ocr_par' dir='ltr' id='par_1_5' title="bbox 147 1821 1529 2312">
     <span class='ocr_line' id='line_1_23' title="bbox 147 1821 1529 1883; baseline -0.002 -11"><span class='ocrx_word' id='word_1_183' title='bbox 147 1836 226 1883; x_wconf 85' lang='lat' dir='ltr'>tet,</span> <span class='ocrx_word' id='word_1_184' title='bbox 253 1824 462 1871; x_wconf 79' lang='lat' dir='ltr'>exhibent</span> <span class='ocrx_word' id='word_1_185' title='bbox 493 1822 677 1883; x_wconf 75' lang='lat' dir='ltr'>justitiae</span> <span class='ocrx_word' id='word_1_186' title='bbox 701 1821 947 1868; x_wconf 83' lang='lat' dir='ltr'>libertatem</span> <span class='ocrx_word' id='word_1_187' title='bbox 965 1860 975 1880; x_wconf 92' lang='lat'>,</span> <span class='ocrx_word' id='word_1_188' title='bbox 1016 1822 1122 1869; x_wconf 91' lang='lat' dir='ltr'>dum</span> <span class='ocrx_word' id='word_1_189' title='bbox 1147 1824 1352 1869; x_wconf 76' lang='lat' dir='ltr'>amicitiae</span> <span class='ocrx_word' id='word_1_190' title='bbox 1374 1825 1529 1870; x_wconf 89' lang='lat' dir='ltr'>timent</span> 
     </span>
     <span class='ocr_line' id='line_1_24' title="bbox 149 1892 1527 1960; baseline -0.002 -17"><span class='ocrx_word' id='word_1_191' title='bbox 149 1912 392 1960; x_wconf 85' lang='lat' dir='ltr'>exasperare</span> <span class='ocrx_word' id='word_1_192' title='bbox 414 1892 707 1940; x_wconf 89' lang='lat' dir='ltr'>dulcedinem.</span> <span class='ocrx_word' id='word_1_193' title='bbox 739 1893 1023 1957; x_wconf 85' lang='lat' dir='ltr'>Quapropter</span> <span class='ocrx_word' id='word_1_194' title='bbox 1047 1894 1124 1939; x_wconf 84' lang='lat' dir='ltr'>etsi</span> <span class='ocrx_word' id='word_1_195' title='bbox 1144 1894 1247 1950; x_wconf 90' lang='lat' dir='ltr'>bos,</span> <span class='ocrx_word' id='word_1_196' title='bbox 1280 1905 1333 1940; x_wconf 88' lang='lat' dir='ltr'>ut·</span> <span class='ocrx_word' id='word_1_197' title='bbox 1358 1895 1437 1940; x_wconf 81' lang='lat' dir='ltr'>tibi</span> <span class='ocrx_word' id='word_1_198' title='bbox 1458 1896 1527 1940; x_wconf 75' lang='lat' dir='ltr'>vi-</span> 
     </span>
     <span class='ocr_line' id='line_1_25' title="bbox 149 1962 1525 2027; baseline -0.001 -14"><span class='ocrx_word' id='word_1_199' title='bbox 149 1966 286 2024; x_wconf 86' lang='lat' dir='ltr'>deris,</span> <span class='ocrx_word' id='word_1_200' title='bbox 317 1966 450 2012; x_wconf 89' lang='lat' dir='ltr'>lassus</span> <span class='ocrx_word' id='word_1_201' title='bbox 473 1973 692 2010; x_wconf 83' lang='lat' dir='ltr'>senectute</span> <span class='ocrx_word' id='word_1_202' title='bbox 720 1962 831 2008; x_wconf 81' lang='lat' dir='ltr'>forte</span> <span class='ocrx_word' id='word_1_203' title='bbox 855 1964 1050 2027; x_wconf 86' lang='lat' dir='ltr'>corporis</span> <span class='ocrx_word' id='word_1_204' title='bbox 1067 2000 1077 2019; x_wconf 84' lang='lat'>,</span> <span class='ocrx_word' id='word_1_205' title='bbox 1113 1981 1199 2009; x_wconf 91' lang='lat' dir='ltr'>non</span> <span class='ocrx_word' id='word_1_206' title='bbox 1227 1964 1371 2024; x_wconf 81' lang='lat' dir='ltr'>vigore</span> <span class='ocrx_word' id='word_1_207' title='bbox 1396 1966 1525 2011; x_wconf 85' lang='lat' dir='ltr'>animi</span> 
     </span>
     <span class='ocr_line' id='line_1_26' title="bbox 150 2033 1527 2094; baseline -0.001 -11"><span class='ocrx_word' id='word_1_208' title='bbox 150 2048 310 2094; x_wconf 89' lang='lat' dir='ltr'>tamen,</span> <span class='ocrx_word' id='word_1_209' title='bbox 329 2036 374 2082; x_wconf 90' lang='lat' dir='ltr'>in</span> <span class='ocrx_word' id='word_1_210' title='bbox 396 2053 490 2081; x_wconf 87' lang='lat' dir='ltr'>area</span> <span class='ocrx_word' id='word_1_211' title='bbox 513 2033 732 2080; x_wconf 87' lang='lat' dir='ltr'>dominica</span> <span class='ocrx_word' id='word_1_212' title='bbox 752 2033 974 2080; x_wconf 85' lang='lat' dir='ltr'>fructuoso</span> <span class='ocrx_word' id='word_1_213' title='bbox 992 2034 1141 2080; x_wconf 87' lang='lat' dir='ltr'>labore</span> <span class='ocrx_word' id='word_1_214' title='bbox 1165 2034 1405 2090; x_wconf 76' lang='lat' dir='ltr'>desudan33</span> <span class='ocrx_word' id='word_1_215' title='bbox 1428 2053 1527 2082; x_wconf 87' lang='lat' dir='ltr'>ecce</span> 
     </span>
     <span class='ocr_line' id='line_1_27' title="bbox 148 2103 1526 2171; baseline -0.002 -16"><span class='ocrx_word' id='word_1_216' title='bbox 148 2125 261 2164; x_wconf 89' lang='lat' dir='ltr'>sum,</span> <span class='ocrx_word' id='word_1_217' title='bbox 285 2106 442 2171; x_wconf 83' lang='lat' dir='ltr'>siquid</span> <span class='ocrx_word' id='word_1_218' title='bbox 463 2122 690 2169; x_wconf 85' lang='lat' dir='ltr'>perperam</span> <span class='ocrx_word' id='word_1_219' title='bbox 713 2103 818 2160; x_wconf 76' lang='lat' dir='ltr'>dixi,</span> <span class='ocrx_word' id='word_1_220' title='bbox 839 2104 990 2150; x_wconf 78' lang='lat' dir='ltr'>fortius</span> <span class='ocrx_word' id='word_1_221' title='bbox 1008 2106 1089 2164; x_wconf 85' lang='lat' dir='ltr'>fige</span> <span class='ocrx_word' id='word_1_222' title='bbox 1108 2105 1278 2168; x_wconf 76' lang='lat' dir='ltr'>pedem.</span> <span class='ocrx_word' id='word_1_223' title='bbox 1299 2106 1398 2150; x_wconf 78' lang='lat' dir='ltr'>Non</span> <span class='ocrx_word' id='word_1_224' title='bbox 1417 2107 1526 2152; x_wconf 85' lang='lat' dir='ltr'>mihi</span> 
     </span>
     <span class='ocr_line' id='line_1_28' title="bbox 149 2174 1526 2238; baseline -0.003 -12"><span class='ocrx_word' id='word_1_225' title='bbox 149 2196 235 2226; x_wconf 86' lang='lat' dir='ltr'>esse</span> <span class='ocrx_word' id='word_1_226' title='bbox 255 2178 386 2224; x_wconf 87' lang='lat' dir='ltr'>debet</span> <span class='ocrx_word' id='word_1_227' title='bbox 402 2176 628 2223; x_wconf 88' lang='lat' dir='ltr'>molestum</span> <span class='ocrx_word' id='word_1_228' title='bbox 653 2174 828 2238; x_wconf 86' lang='lat' dir='ltr'>pondus</span> <span class='ocrx_word' id='word_1_229' title='bbox 853 2176 990 2222; x_wconf 76' lang='lat' dir='ltr'>aetatis</span> <span class='ocrx_word' id='word_1_230' title='bbox 1012 2186 1099 2221; x_wconf 80' lang='lat' dir='ltr'>tuae</span> <span class='ocrx_word' id='word_1_231' title='bbox 1118 2212 1128 2232; x_wconf 75' lang='grc'><em>,</em></span> <span class='ocrx_word' id='word_1_232' title='bbox 1152 2175 1391 2221; x_wconf 86' lang='lat' dir='ltr'>dummodo</span> <span class='ocrx_word' id='word_1_233' title='bbox 1417 2194 1526 2222; x_wconf 86' lang='lat' dir='ltr'>con-</span> 
     </span>
     <span class='ocr_line' id='line_1_29' title="bbox 150 2245 775 2312; baseline -0.006 -16"><span class='ocrx_word' id='word_1_234' title='bbox 150 2260 314 2296; x_wconf 85' lang='lat' dir='ltr'>teratur</span> <span class='ocrx_word' id='word_1_235' title='bbox 338 2247 463 2312; x_wconf 85' lang='lat' dir='ltr'>palea</span> <span class='ocrx_word' id='word_1_236' title='bbox 487 2245 633 2309; x_wconf 78' lang='lat' dir='ltr'>culpae</span> <span class='ocrx_word' id='word_1_237' title='bbox 652 2262 775 2292; x_wconf 61' lang='lat' dir='ltr'>meze.</span> 
     </span>
    </p>

    <p class='ocr_par' dir='ltr' id='par_1_6' title="bbox 149 2316 1528 2663">
     <span class='ocr_line' id='line_1_30' title="bbox 214 2316 1525 2382; baseline -0.002 -16"><span class='ocrx_word' id='word_1_238' title='bbox 214 2321 265 2367; x_wconf 88' lang='lat' dir='ltr'>V.</span> <span class='ocrx_word' id='word_1_239' title='bbox 291 2317 480 2365; x_wconf 88' lang='lat' dir='ltr'>Proinde</span> <span class='ocrx_word' id='word_1_240' title='bbox 504 2316 640 2371; x_wconf 82' lang='lat' dir='ltr'>illud,</span> <span class='ocrx_word' id='word_1_241' title='bbox 671 2316 791 2379; x_wconf 89' lang='lat' dir='ltr'>quod</span> <span class='ocrx_word' id='word_1_242' title='bbox 815 2317 859 2362; x_wconf 87' lang='lat' dir='ltr'>in</span> <span class='ocrx_word' id='word_1_243' title='bbox 881 2328 1068 2362; x_wconf 77' lang='lat' dir='ltr'>extremo</span> <span class='ocrx_word' id='word_1_244' title='bbox 1097 2317 1304 2380; x_wconf 68' lang='lat' dir='ltr'>Epistolae</span> <span class='ocrx_word' id='word_1_245' title='bbox 1333 2329 1418 2363; x_wconf 69' lang='lat' dir='ltr'>[11ae</span> <span class='ocrx_word' id='word_1_246' title='bbox 1442 2337 1525 2382; x_wconf 73' lang='lat' dir='ltr'>po-</span> 
     </span>
     <span class='ocr_line' id='line_1_31' title="bbox 149 2386 1520 2451; baseline -0.001 -14"><span class='ocrx_word' id='word_1_247' title='bbox 149 2390 299 2446; x_wconf 88' lang='lat' dir='ltr'>suisti,</span> <span class='ocrx_word' id='word_1_248' title='bbox 327 2406 427 2435; x_wconf 92' lang='lat' dir='ltr'>cum</span> <span class='ocrx_word' id='word_1_249' title='bbox 452 2387 596 2447; x_wconf 83' lang='lat' dir='ltr'>magni</span> <span class='ocrx_word' id='word_1_250' title='bbox 615 2386 816 2432; x_wconf 86' lang='lat' dir='ltr'>desiderii</span> <span class='ocrx_word' id='word_1_251' title='bbox 842 2388 1027 2451; x_wconf 87' lang='lat' dir='ltr'>suspirio</span> <span class='ocrx_word' id='word_1_252' title='bbox 1044 2387 1111 2432; x_wconf 85' lang='lat' dir='ltr'>vel</span> <span class='ocrx_word' id='word_1_253' title='bbox 1132 2387 1225 2447; x_wconf 84' lang='lat' dir='ltr'>lego</span> <span class='ocrx_word' id='word_1_254' title='bbox 1242 2426 1252 2442; x_wconf 83' lang='lat'>,</span> <span class='ocrx_word' id='word_1_255' title='bbox 1278 2388 1344 2434; x_wconf 74' lang='lat' dir='ltr'>vel</span> <span class='ocrx_word' id='word_1_256' title='bbox 1361 2389 1520 2436; x_wconf 78' lang='lat' dir='ltr'>recolo.</span> 
     </span>
     <span class='ocr_line' id='line_1_32' title="bbox 151 2456 1528 2522; baseline 0.001 -19"><span class='ocrx_word' id='word_1_257' title='bbox 151 2483 170 2503; x_wconf 74' lang='grc' dir='ltr'>κ</span> <span class='ocrx_word' id='word_1_258' title='bbox 199 2461 372 2507; x_wconf 83' lang='lat' dir='ltr'>Utinam</span> <span class='ocrx_word' id='word_1_259' title='bbox 390 2497 401 2515; x_wconf 86' lang='lat'>,</span> <span class='ocrx_word' id='word_1_260' title='bbox 432 2458 598 2522; x_wconf 88' lang='lat' dir='ltr'>inquis,</span> <span class='ocrx_word' id='word_1_261' title='bbox 627 2474 887 2503; x_wconf 88' lang='lat' dir='ltr'>mereremur</span> <span class='ocrx_word' id='word_1_262' title='bbox 909 2456 1159 2520; x_wconf 78' lang='lat' dir='ltr'>complexus</span> <span class='ocrx_word' id='word_1_263' title='bbox 1191 2469 1309 2511; x_wconf 86' lang='lat' dir='ltr'>tuos;</span> <span class='ocrx_word' id='word_1_264' title='bbox 1337 2469 1378 2504; x_wconf 91' lang='lat' dir='ltr'>et</span> <span class='ocrx_word' id='word_1_265' title='bbox 1399 2459 1528 2505; x_wconf 84' lang='lat' dir='ltr'>colla-</span> 
     </span>
     <span class='ocr_line' id='line_1_33' title="bbox 151 2527 1527 2592; baseline -0.002 -13"><span class='ocrx_word' id='word_1_266' title='bbox 151 2533 266 2579; x_wconf 87' lang='lat' dir='ltr'>tione</span> <span class='ocrx_word' id='word_1_267' title='bbox 282 2541 431 2577; x_wconf 86' lang='lat' dir='ltr'>mutua</span> <span class='ocrx_word' id='word_1_268' title='bbox 448 2529 516 2575; x_wconf 82' lang='lat' dir='ltr'>vel</span> <span class='ocrx_word' id='word_1_269' title='bbox 540 2528 794 2574; x_wconf 86' lang='lat' dir='ltr'>doceremus</span> <span class='ocrx_word' id='word_1_270' title='bbox 819 2528 963 2592; x_wconf 86' lang='lat' dir='ltr'>aliqua</span> <span class='ocrx_word' id='word_1_271' title='bbox 980 2566 990 2584; x_wconf 88' lang='lat'>,</span> <span class='ocrx_word' id='word_1_272' title='bbox 1016 2527 1083 2574; x_wconf 83' lang='lat' dir='ltr'>vel</span> <span class='ocrx_word' id='word_1_273' title='bbox 1107 2528 1416 2576; x_wconf 85' lang='lat' dir='ltr'>disceremus.»</span> <span class='ocrx_word' id='word_1_274' title='bbox 1436 2532 1527 2591; x_wconf 83' lang='lat' dir='ltr'>Ego</span> 
     </span>
     <span class='ocr_line' id='line_1_34' title="bbox 152 2598 1526 2663; baseline -0.004 -13"><span class='ocrx_word' id='word_1_275' title='bbox 152 2615 293 2650; x_wconf 82' lang='lat' dir='ltr'>autem</span> <span class='ocrx_word' id='word_1_276' title='bbox 324 2601 423 2647; x_wconf 77' lang='lat' dir='ltr'>dico</span> <span class='ocrx_word' id='word_1_277' title='bbox 441 2638 450 2653; x_wconf 80' lang='grc'>,</span> <span class='ocrx_word' id='word_1_278' title='bbox 488 2599 662 2645; x_wconf 74' lang='lat' dir='ltr'>Utinam</span> <span class='ocrx_word' id='word_1_279' title='bbox 700 2598 847 2644; x_wconf 71' lang='lat' dir='ltr'>saltem</span> <span class='ocrx_word' id='word_1_280' title='bbox 875 2599 1135 2663; x_wconf 76' lang='lat' dir='ltr'>propinqui-s</span> <span class='ocrx_word' id='word_1_281' title='bbox 1171 2611 1383 2645; x_wconf 75' lang='lat' dir='ltr'>terrarum</span> <span class='ocrx_word' id='word_1_282' title='bbox 1422 2600 1526 2647; x_wconf 42' lang='lat' dir='ltr'>loris</span> 
     </span>
    </p>
   </div>
  </div>
 </body>
</html>
