1902 3268
619 289 828 322 Erimon&
868 287 1048 321 mxxix.
1444 274 1529 321 153

148 365 312 426 quitate.
340 361 587 425 patiuntur,
634 357 976 421 persecutionem
1020 365 1207 410 vocant3
1246 371 1325 401 nec
1360 365 1530 402 tantum

146 435 335 481 furorem
352 431 572 495 perditum
596 428 771 473 minime
797 429 1059 491 reprimunt.
1085 426 1366 471 verumetiam
1386 425 1530 469 liono-

148 520 238 550 rem
260 514 499 565 martyrum
520 510 725 564 quaerunt
748 517 758 544 ε
780 499 901 563 quasi
928 516 1030 544 vero
1053 497 1295 543 Christiani
1323 495 1533 542 catholici

148 575 436 638 Imperatores
460 570 661 616 adversus
699 587 848 616 eorum
884 568 1272 633 pertinacissimam
1314 565 1528 629 iniquita-

148 653 232 689 tem
265 641 382 688 atiud
407 644 643 705 sequantur
682 657 812 704 quam
836 638 1109 685 Constantini
1148 637 1385 697 jndiriunn
1414 635 1532 698 apud

148 731 279 775 quem
308 713 422 758 ultro
456 711 678 758 Caeciliani
708 721 977 757 accusatores
1002 709 1195 756 fuerunt.
1224 711 1350 766 enjus
1377 717 1534 750 ancto-

149 786 320 830 ritatem
347 783 554 828 omnibus
586 782 882 827 transmarinis
907 781 1126 843 episcopis
1152 778 1458 842 prsetuhwunt,
1487 786 1536 821 ut

150 871 238 900 non
271 853 323 899 ad
352 853 468 906 illos,
499 852 568 897 sed
606 852 657 897 atl
696 851 816 896 illum
848 850 1050 897 Ecclesiae
1081 866 1253 895 causam
1281 846 1497 892 ‹tvt'errent
1522 865 1533 899 ;

151 935 200 970 ut
224 925 279 970 ab
312 941 361 970 eo
385 924 536 968 datum
565 923 608 967 in
643 922 753 967 urbe
777 923 919 967 Roma
963 917 1465 983 episcopalejudicium,
1494 916 1538 961 in

151 1013 241 1060 quo
266 995 457 1059 primum
484 993 587 1039 victi
605 1003 723 1048 sunt,
745 1010 891 1038 rursus
912 991 1026 1056 apud
1049 991 1169 1037 illum
1188 998 1465 1039 accusarent3
1493 998 1541 1033 ut

152 1067 210 1114 ab
234 1067 366 1113 altero
389 1065 506 1130 apud
524 1065 740 1111 Arelatum
766 1065 867 1110 dato
891 1063 1128 1129 episcopali
1147 1061 1318 1122 judicio
1338 1060 1391 1106 ad
1412 1060 1538 1106 iilum

156 1137 428 1202 appellarent
465 1155 475 1180 :
508 1136 624 1199 apud
666 1153 794 1200 quem
836 1147 976 1181 tamen
1016 1135 1244 1180 novissime
1269 1129 1544 1194 superati.in

154 1225 228 1254 sua
253 1207 531 1271 perversitate
550 1217 896 1270 permanserunt.
926 1207 1040 1250 Puto
1060 1203 1179 1268 quod
1204 1204 1294 1266 ipse
1319 1200 1540 1253 diabolus,

154 1280 184 1324 si
213 1278 655 1338 auetoritatejudicis,
673 1294 800 1340 quem
826 1277 939 1321 uitro
963 1275 1165 1335 elegerat„
1196 1273 1321 1318 toties
1346 1271 1546 1316 vincere-

155 1360 243 1402 tur,
275 1366 360 1393 non
381 1359 486 1393 esset
522 1358 608 1392 tam
637 1347 869 1410 impudens
896 1358 942 1392 ut
967 1347 1009 1391 in
1035 1363 1080 1391 ea
1098 1361 1225 1390 causa
1250 1342 1506 1407 persisteret.

223 1418 297 1466 lV.
324 1418 407 1463 Sed
431 1418 527 1464 haec
547 1417 739 1463 humana
756 1417 921 1477 judicia
939 1416 1224 1479 deputentur,
1253 1424 1292 1458 et
1308 1412 1550 1458 circumve·

158 1488 242 1535 uiri
269 1505 317 1534 ac
335 1487 420 1534 falti
438 1525 449 1543 ‚
489 1487 553 1533 vet
579 1488 707 1534 etiam
731 1488 958 1550 corrumpi
987 1487 1175 1550 potuisse
1207 1484 1427 1530 dicantur.
1456 1483 1548 1526 Cur

159 1576 262 1619 ergo
286 1558 435 1605 adhuc
469 1570 702 1604 accusatur
747 1558 1026 1604 Christianus
1075 1556 1193 1602 orbis
1238 1566 1478 1605 terrarum,
1506 1561 1548 1596 et

156 1630 300 1676 nescio
328 1630 490 1693 quibus
510 1629 766 1675 traditorum
794 1628 1052 1674 criminibus
1076 1627 1331 1676 infamatur,
1358 1622 1435 1687 qni
1456 1622 1548 1667 uti-

157 1717 241 1765 quc
270 1717 348 1746 nec
370 1701 513 1762 potuit
545 1717 624 1745 nec
648 1700 801 1746 debuit
844 1699 923 1745 nisi
963 1699 1111 1744 electis
1147 1696 1377 1758 judicibus
1402 1693 1547 1757 potius

159 1787 290 1834 quam
329 1770 456 1815 victis
483 1770 774 1830 litigatoribus
815 1769 1017 1815 crederesJ
1046 1769 1220 1813 Habent
1255 1765 1373 1829 apud
1406 1766 1541 1809 Deum

159 1842 222 1888 illi
241 1840 412 1902 judices
435 1858 606 1886 causam
646 1858 766 1886 suam
793 1842 878 1886 sive
905 1842 1064 1886 bonam
1100 1840 1186 1884 sive
1221 1838 1376 1883 malam
1402 1852 1412 1880 ε
1440 1833 1549 1897 quid

159 1911 263 1958 fecit
293 1910 478 1956 t⁴lcclosia
508 1921 599 1956 toto
624 1911 730 1956 orbe
755 1911 928 1967 diffusa,
955 1927 1055 1974 ‹111ae
1074 1927 1158 1955 non
1184 1909 1243 1954 ob
1264 1906 1383 1953 aliud
1413 1905 1469 1951 ab
1487 1904 1548 1949 is-

163 1982 216 2027 tis
241 1981 549 2045 rebaptizanda
573 1992 787 2037 censetur,
813 1982 892 2027 nisi
930 1982 1031 2046 quia
1060 1982 1101 2027 in
1124 1998 1171 2026 ea
1201 1996 1328 2024 causa
1345 2015 1355 2031 ‚
1389 1977 1432 2022 in
1463 1991 1550 2039 qua

163 2051 270 2116 quid
291 2053 380 2097 veri
397 2063 501 2098 esset
515 2052 714 2112 judicare
733 2067 820 2098 non
835 2055 997 2116 potuit,
1019 2053 1077 2098 eis
1095 2051 1240 2116 potius
1258 2047 1542 2114 quijudicare

151 2133 425 2186 potuerunt,
454 2139 584 2185 quam
609 2123 668 2168 eis
692 2125 768 2187 qui
796 2140 872 2169 nec
897 2123 1088 2187 superati
1112 2130 1348 2174 cesserunt,
1366 2118 1551 2164 creden-

165 2193 270 2238 dum
297 2193 500 2256 putavit?
524 2193 563 2237 O
586 2209 790 2252 magnum
820 2196 983 2240 crimen
1002 2193 1195 2238 omniurn
1213 2191 1426 2252 gentium,
1445 2204 1552 2251 quas

165 2263 210 2309 in
235 2263 396 2308 semine
417 2262 612 2308 Abrahae
630 2263 950 2310 benedicendas
978 2263 1175 2327 promisit
1199 2263 1310 2306 Deus
1328 2259 1340 2289 ‘¹
1355 2297 1364 2311 ,
1383 2269 1424 2305 et:
1440 2259 1553 2304 sicut

174 2333 376 2398 promisit
404 2334 627 2380 exhibuit!
660 2351 760 2398 quae
785 2353 884 2381 cnm
913 2353 998 2380 una
1025 2351 1129 2380 voce
1166 2333 1376 2385 dixerint,
1409 2331 1554 2386 Quare

168 2421 247 2450 nos
267 2404 399 2450 vultis
427 2405 736 2468 rebaptizare?
775 2406 1080 2470 Respondetur
1115 2405 1173 2450 eis
1193 2441 1202 2457 ,
1240 2403 1354 2459 Quia
1385 2401 1553 2447 nescitis

168 2476 245 2540 qui
264 2476 424 2522 fuet-int
446 2476 490 2522 in
513 2476 654 2523 Africa
680 2489 931 2523 sanctorum
957 2476 1160 2523 codicum
1185 2474 1428 2527 traditores,
1449 2472 1552 2518 etin

173 2563 223 2594 eo
241 2546 362 2612 quod
384 2547 660 2604 nesciebatis,
675 2548 905 2609 judicibus
920 2548 1056 2609 magis
1071 2564 1205 2613 quam
1226 2544 1554 2593 accusatoribus

224 2631 231 2651 ¹
252 2634 335 2666 Get».
357 2643 435 2670 xxii,
461 2635 508 2664 ιδ,
