1902 3268
634 326 847 358 Errs'rom
882 329 952 360 cx.
1398 320 1492 388 339

183 392 242 439 11.
274 389 442 437 Miraris
459 390 639 437 fortasse
659 407 739 437 cur
759 409 827 439 me
853 392 988 454 hujus
1014 393 1153 442 debiti
1178 399 1493 461 persolutorem

119 463 333 525 imparem
350 461 495 507 dicam
514 496 526 518 ,
555 477 656 507 cum
673 472 722 508 tu
739 462 793 509 de
806 481 874 511 me
895 475 981 510 tam
1005 465 1192 513 multum
1217 470 1396 527 sentias,
1417 475 1495 536 qui

121 548 189 580 me
206 541 414 595 tanquam
437 532 579 577 anima
594 549 688 578 mea
711 535 899 591 noveris,
920 534 993 581 sed
1012 536 1098 582 hoc
1117 538 1262 601 ipsum
1282 551 1360 598 est,
1377 544 1498 607 quod

122 602 234 650 mihi
254 619 456 663 magnam
476 601 779 649 difficultatem
797 603 900 651 fecit
919 607 1209 669 respondendi
1223 609 1378 658 litteris
1392 615 1495 672 tuis,

122 673 227 739 quia
250 684 294 719 et
316 684 504 736 quantus
530 674 641 720 mihi
671 673 856 721 videaris
880 693 1014 740 parco
1048 676 1192 725 dicere
1216 693 1398 746 propter
1423 699 1503 732 ve-

125 743 381 791 recundiam
412 755 531 791 tuam
550 783 560 801 ‚
597 757 638 791 et
665 746 816 810 utique
842 746 986 793 minus
1009 746 1198 795 dicendo
1216 787 1227 806 ‚
1258 767 1360 799 cum
1386 766 1435 802 tu
1457 757 1504 803 in

125 832 196 862 me
229 825 394 862 tantam
423 815 598 862 laudern
630 816 890 873 contuleris,
924 817 1033 880 quid
1057 818 1139 864 nisi
1166 819 1341 869 debitor
1360 841 1506 872 rema-

127 885 264 932 nebo?
297 886 432 943 Quod
467 903 559 932 non
583 901 781 932 curarem
799 924 810 943 ,
841 887 875 933 si
899 904 947 932 ea
970 905 1072 952 quae
1095 888 1148 935 de
1173 907 1242 936 me
1266 892 1322 939 ad
1354 910 1422 941 me
1441 896 1509 942 lo-

130 966 258 1002 cutus
276 973 318 1002 es
333 992 343 1011 ‚
367 973 457 1002 non
475 973 524 1002 ex
544 955 757 1002 charitate
776 956 1062 1003 sincerissima
1091 957 1211 1006 dicta
1236 962 1389 1010 scirem
1404 999 1416 1022 ‚
1434 967 1509 1012 sed

132 1025 381 1073 adulatione
401 1026 579 1072 inimica
599 1026 819 1074 amicitiae.
848 1028 946 1074 Hoc
970 1029 1137 1093 quippe
1168 1031 1300 1078 modo
1324 1051 1403 1081 nec
1431 1036 1513 1083 de·-

131 1097 250 1145 bitor
287 1098 463 1155 fierem,
497 1097 602 1162 quia
643 1097 746 1144 talia
783 1099 1020 1161 rependere
1058 1117 1147 1146 non
1173 1100 1406 1153 deberem:
1440 1108 1514 1155 sed

134 1179 302 1233 quanto
313 1169 450 1229 magis
466 1169 569 1215 novi
589 1186 724 1232 quam
738 1169 855 1216 fideli
870 1171 1015 1217 animo
1028 1170 1234 1235 loqueris,
1251 1185 1373 1224 tanto
1382 1181 1517 1242 magis

136 1239 264 1288 video
283 1250 449 1303 quanto
474 1239 625 1285 debito
651 1257 815 1300 graver.

204 1311 288 1357 ΙΙΙ.
317 1310 426 1358 Vide
449 1321 593 1357 autem
617 1310 726 1374 quid
762 1311 873 1356 mihi
903 1313 1115 1373 contigit,
1157 1323 1207 1359 ut
1234 1328 1303 1362 me
1330 1320 1522 1382 quodam

140 1380 274 1428 modo
298 1380 391 1445 ipse
425 1380 695 1428 laudaverim
712 1417 724 1438 ,
761 1381 839 1444 qui
861 1398 930 1427 me
950 1397 975 1428 a
1003 1393 1044 1428 te
1078 1382 1264 1430 fideliter
1292 1386 1520 1439 laudatum

142 1451 338 1499 dixerim.
371 1451 457 1498 Sed
487 1452 595 1515 quid
624 1451 744 1498 aliud
769 1451 958 1498 dicerem
980 1488 992 1509 ,
1024 1469 1158 1516 quam
1181 1454 1229 1500 id
1257 1458 1377 1519 quod
1401 1459 1457 1508 de
1481 1472 1521 1509 te

143 1520 352 1567 admonui
374 1558 385 1577 ‚
411 1539 543 1585 quem
574 1522 698 1569 nosti.
735 1522 849 1567 Ecce
872 1522 983 1568 mihi
1010 1539 1170 1570 novam
1198 1523 1282 1572 teci
1307 1531 1521 1592 quaestio-

70 1636 74 1640 ,
142 1608 261 1648 nem,
279 1608 413 1655 quam
434 1602 482 1638 tu
501 1606 589 1638 non
609 1591 902 1656 proposuisti,
929 1603 972 1638 et
990 1608 1086 1639 eam
1108 1592 1298 1643 fortassis
1321 1613 1521 1664 expectas

144 1672 194 1708 ut
210 1662 374 1709 solvam
397 1678 408 1707 z
435 1663 494 1708 ita
510 1663 621 1709 mihi
644 1674 800 1726 parum
822 1674 912 1708 erat
931 1663 1051 1726 quod
1075 1660 1248 1712 debitor
1266 1684 1384 1715 eram
1400 1708 1413 1728 ‚
1438 1669 1521 1721 nisi

144 1732 274 1779 etiam
297 1749 365 1778 me
393 1733 604 1797 ampliore
631 1733 783 1779 debito
807 1734 898 1797 ipse
922 1734 1191 1782 cumularem
1224 1755 1235 1783 ε
1265 1755 1522 1806 quanquam

144 1802 234 1849 hoc
256 1802 382 1849 facile
404 1803 460 1848 sit
491 1803 716 1850 ostendere
735 1841 746 1861 ,
777 1814 820 1849 et
851 1804 886 1849 si
918 1821 1006 1849 non
1033 1806 1258 1854 ostendam
1281 1809 1408 1858 facile
1439 1811 1523 1861 tibi

144 1873 315 1930 videre,
343 1884 387 1919 et
406 1891 505 1920 vera
535 1874 771 1920 infideliter
794 1874 884 1920 dici
906 1892 1056 1938 posse,
1083 1886 1125 1923 et
1144 1894 1231 1923 non
1252 1896 1354 1929 vera
1377 1884 1524 1932 fidelia

146 1954 224 1992 ter.
255 1944 343 2001 Qui
362 1945 477 1990 enim
496 1945 556 1991 sic
581 1945 721 1992 credit
742 1957 791 1992 ut
809 1945 1023 2010 loquitur,
1050 1947 1127 1993 etsi
1148 1965 1236 1994 non
1256 1967 1356 1998 vera
1371 1952 1523 2019 loqui-

146 2025 236 2072 tur,
259 2014 443 2061 fideliter
460 2015 657 2079 loquitur
680 2033 690 2061 ε
719 2016 796 2080 qui
820 2026 962 2061 autem
988 2033 1076 2062 non
1100 2017 1240 2064 credit
1255 2035 1358 2083 quae
1374 2022 1525 2089 loqui-³-

147 2095 247 2142 tur,
273 2087 352 2132 etsi
388 2103 487 2132 vera
515 2086 730 2149 loquitur,
769 2085 1002 2132 infideliter
1042 2086 1251 2151 loquitur.
1298 2091 1525 2158 Numquid

147 2170 247 2217 ergo
273 2156 450 2213 dubito,
465 2157 587 2221 quod
611 2174 660 2202 ea
681 2157 735 2203 de
757 2173 825 2202 me
849 2156 1015 2212 credam,
1040 2173 1141 2219 quae
1159 2159 1526 2222 scripsistii'Quae

149 2242 250 2274 cum
273 2227 317 2273 in
339 2239 407 2272 me
420 2244 508 2272 non
526 2244 711 2288 agnosco
723 2255 735 2284 ⁵
756 2227 940 2291 potuisti
957 2226 1143 2275 fideliter
1160 2228 1215 2274 de
1234 2246 1300 2277 me
1316 2246 1404 2278 non
1425 2250 1526 2284 vera

148 2297 306 2345 dicere.

213 2370 289 2416 IV..
323 2366 407 2413 Sed
431 2367 536 2413 nolo
560 2377 600 2414 te
626 2369 694 2415 vel
718 2369 1021 2416 benevolentia
1050 2368 1110 2414 sic
1133 2368 1252 2426 falli3
1287 2373 1360 2419 cui
1387 2373 1523 2422 bene..

149 2439 352 2490 volentiae
381 2438 556 2485 debitor
594 2450 717 2496 sum,
756 2441 858 2503 quia
885 2450 927 2485 et
964 2449 1054 2484 tam
1090 2438 1310 2499 fideliter,
1358 2455 1400 2490 et
1431 2456 1520 2494 tam

149 2510 358 2558 benevole
377 2527 448 2566 ea,
469 2527 571 2574 quae
596 2527 695 2557 vera
721 2522 846 2567 sunt,
874 2522 1051 2573 possum
1075 2509 1129 2555 de
1153 2520 1194 2556 te
1212 2510 1355 2560 dicere
1372 2551 1384 2571 ,
1407 2517 1489 2564 nisi
1509 2557 1521 2577 ‚

151 2593 200 2630 ut
233 2599 365 2645 supra
402 2580 524 2638 dixi,
556 2581 832 2628 verecundiae
866 2588 955 2627 tuae
987 2597 1225 2644 parcerem.
1265 2583 1355 2644 Ego
1381 2598 1525 2634 autem

149 2652 330 2716 quando
362 2651 519 2700 laudor
541 2669 565 2699 a
581 2652 909 2714 germanissimo
931 2660 976 2700 et
1007 2649 1342 2702 familiarissimo
1370 2657 1528 2704 animae

1320 2740 1394 2772 92.
