1902 3268
603 241 816 272 EPISTOLA
853 242 1031 273 cxxxiv.
1410 233 1502 295 [195

191 305 248 352 ΙΙ.
289 305 671 352 Circumcelliones
705 305 915 369 quosdam
960 317 1001 352 et
1043 307 1220 354 clericos
1257 311 1503 359 Donatistas

126 389 231 421 cura
252 376 506 439 eorum‚qui
526 375 772 439 disciplinae
795 377 989 440 publicae
1009 378 1261 433 inserviunt,
1281 384 1501 443 praemissa

128 446 308 492 Notoria
333 445 386 490 ad
411 445 579 504 judicia
606 445 802 510 legesque
838 447 1053 510 perduxit.
1084 449 1140 494 Hi
1165 466 1266 495 cum
1292 452 1498 498 audiren-

126 524 197 560 tur
215 515 338 561 aviro
363 514 597 561 clarissimo
614 527 655 561 ct
669 518 897 580 spectabili
923 519 1100 564 tribuno
1121 530 1163 564 et
1181 522 1350 567 notario
1370 520 1502 569 fratrc

127 596 216 643 tuo,
238 585 328 632 filio
348 603 442 631 meo
464 587 729 644 Marcellino,
749 606 834 634 non
851 591 1072 635 tormentis
1091 591 1351 650 ungularum
1373 603 1502 656 atque

122 655 417 712 flammarum,
437 655 507 701 sed
525 657 739 717 virgarum
763 659 969 714 coerciti,
992 658 1210 705 horrenda
1239 660 1431 708 facinora
1455 663 1500 708 in

123 725 273 772 fratres
302 737 344 772 et
368 728 744 791 compresbyteros
777 746 892 774 meos
929 747 950 775 a
985 747 1027 775 se
1054 741 1300 793 perpetrata
1322 732 1501 779 confessi

125 807 242 852 sunt,
265 797 382 861 quod
405 797 568 843 scilicet
589 815 725 844 unum
746 815 892 844 corum
918 811 1144 862 exceptum
1181 800 1347 846 insidiis
1371 803 1502 848 truci-

125 868 356 923 daverunt,
384 867 562 914 alterum
590 886 611 913 e
635 868 765 913 domo
786 879 958 931 raptum
981 907 990 924 ,
1011 870 1140 915 oculo
1169 871 1319 916 effosso
1344 871 1501 931 digito-

124 954 208 1001 que
224 947 449 1000 amputato
471 948 793 984 truncaverunt.
832 938 939 983 ²Haec
950 955 1054 984 cum
1076 941 1378 1002 comperissem
1404 942 1498 989 illos

121 1007 250 1053 fuisse
268 1006 503 1063 confessos,
526 1007 709 1071 ideoque
733 1007 910 1053 minime
924 1008 1172 1054 dubitarem
1192 1010 1274 1055 sub
1296 1013 1395 1068 jura
1414 1023 1501 1057 tuae

122 1077 282 1123 securis
298 1093 386 1123 esse
401 1088 619 1133 venturos,
647 1078 727 1123 has
748 1077 802 1122 ad
823 1088 941 1123 tuam
964 1079 1237 1131 nobilita-tem
1258 1080 1398 1126 literas
1424 1099 1500 1126 ac—

125 1147 324 1204 celeravi,
346 1148 508 1211 quibus
542 1148 770 1211 deprecor,
797 1158 838 1193 et
865 1164 943 1210 per
967 1149 1307 1194 misericordiam
1327 1151 1497 1197 Christi

123 1217 320 1274 obsecro,
349 1218 410 1264 sic
433 1217 487 1263 de
511 1228 583 1263 tua
612 1221 775 1277 majore
803 1228 932 1280 atque
961 1218 1142 1263 certiore
1166 1218 1368 1264 felicitate
1398 1237 1499 1279 gau-

123 1287 318 1344 deamus,
346 1298 394 1333 ut
415 1288 476 1333 eis
491 1288 613 1351 paria
641 1303 729 1332 aion
744 1287 1042 1333 retribuantur
1066 1305 1076 1332 ε
1106 1305 1355 1351 quanquam
1381 1289 1500 1352 lapi-

123 1358 188 1404 dis
201 1358 362 1404 ictibus
380 1358 563 1417 digitum
590 1356 828 1419 praecidere
845 1356 1107 1420 oculumque
1132 1358 1370 1403 convellere
1389 1358 1500 1419 leges

125 1428 346 1491 puniendo
377 1444 466 1473 non
494 1428 676 1490 possint,
721 1427 840 1489 quod
886 1427 955 1472 isti
979 1427 1196 1473 saeviendo
1235 1439 1491 1490 potuerunt.

122 1496 249 1543 Unde
269 1513 443 1542 securus
464 1513 559 1542 sum
575 1496 629 1541 de
652 1496 703 1541 iis
729 1497 806 1559 qui
828 1496 914 1541 hoc
938 1513 979 1541 se
998 1495 1146 1542 fecisse
1169 1497 1353 1543 confessi
1378 1510 1495 1554 sunt,

121 1566 240 1631 quod
258 1567 378 1613 hanc
390 1566 733 1614 ‘vicissitudinem
763 1582 853 1611 non
884 1567 1208 1628 reportabunt:
1247 1566 1319 1612 sed
1348 1585 1402 1613 ne
1431 1568 1500 1614 vel

120 1637 206 1700 ipsi
220 1637 289 1683 vel
307 1637 386 1693 illi,
401 1653 590 1699 quoru-m
609 1636 897 1682 homicidium
920 1635 1188 1698 patefactum
1209 1646 1289 1692 est,
1312 1654 1392 1699 per
1410 1648 1499 1684 tuae

121 1708 346 1771 potestatis
360 1707 614 1752 'sententiam
639 1705 925 1761 mulctentur,
946 1706 1034 1751 hoc
1057 1706 1207 1762 timeo,
1237 1706 1324 1751 hoc
1344 1724 1397 1752 ne
1422 1708 1500 1753 fiat

121 1788 163 1824 et
178 1777 459 1823 ‘Christianus
479 1776 671 1837 judicem
696 1793 817 1836 rogo,
856 1787 897 1821 et
929 1776 1231 1822 Christianum
1265 1776 1498 1841 episcopus

120 1865 290 1895 moneo.

186 1920 270 1965 Ill.
303 1919 367 1964 De
397 1918 523 1965 vobis
556 1917 736 1981 quidem
770 1917 928 1963 dixisse
971 1917 1230 1981 Apostolum
1264 1916 1495 1976 legimus1,

122 1988 242 2052 quod
257 2004 346 2033 non
362 1987 452 2033 sine
471 2004 598 2033 causa
621 1987 816 2047 gladium
838 1987 1015 2047 gera-tis,
1041 1999 1085 2033 et
1112 1987 1299 2032 ministri
1315 1987 1393 2032 Dei
1407 1988 1498 2033 sitis

121 2058 314 2105 vindices
330 2058 465 2103 ineos
481 2056 558 2120 qui
583 2056 696 2101 *male
732 2067 865 2116 agunt
886 2074 897 2101 ι
939 2056 1023 2101 Sed
1044 2056 1126 2102 alia
1149 2073 1276 2102 caus-a
1300 2067 1363 2101 est
1385 2073 1494 2119 pro*

119 2128 295 2184 vinciae,
336 2127 418 2173 alia
447 2136 510 2172 est
545 2126 763 2171 Ecclesiae.
792 2126 912 2171 Illius
947 2127 1198 2172 terribiliter
1224 2125 1500 2186 gerendaest

121 2197 449 2254 administratio,
462 2196 595 2255 hujus
609 2196 839 2242 clementer
855 2196 1202 2241 commendanda
1221 2207 1282 2241 est
1299 2213 1496 2242 mansure·-

121 2268 244 2315 tud'o.
273 2267 320 2313 Si
342 2267 462 2331 apud
489 2266 682 2326 judicem
704 2283 794 2311 non
817 2266 1115 2312 Christianum
1146 2266 1256 2311 mihi
1273 2282 1411 2311 sermo
1430 2282 1495 2311 es-

121 2348 199 2394 set,
224 2338 346 2383 aliter
366 2350 531 2397 agerem
541 2355 552 2394 3
585 2353 663 2381 nec
692 2346 831 2381 tamen
853 2336 983 2381 etiam
1005 2337 1066 2381 sic
1093 2336 1297 2381 Ecclesiae
1323 2351 1498 2381 causam

121 2407 385 2463 desererem3
406 2417 452 2453 et
474 2416 688 2471 quantum
716 2405 940 2451 admittere
978 2405 1246 2465 dignaretur,
1270 2405 1495 2462 instarem,

120 2495 174 2525 ne
202 2478 419 2543 passiones
444 2493 666 2526 servorum
694 2476 772 2522 Dei
797 2475 1137 2534 catholicorum,
1160 2492 1260 2540 quae
1295 2475 1501 2540 prodesse

179 2561 192 2585 ¹
212 2563 306 2594 Rom.
325 2571 400 2601 xm,
419 2567 451 2598 4.
