1902 3268
356 296 407 333 io
777 304 810 333 s.
856 296 1097 333 221³1÷usi·jx1
1136 305 1338 334 eviscovi

345 365 565 423 tractoria,
593 382 724 429 quam
748 367 864 412 misit
886 369 1190 414 venerabilitas
1211 380 1299 425 tua,
1326 386 1483 415 nomen
1502 372 1592 429 ejus
1616 386 1729 433 pra?-

346 437 541 483 termitti.
574 436 705 493 Quod
726 436 758 481 si
783 437 828 482 in
862 437 1013 483 mediis
1044 439 1150 484 locis
1182 439 1547 496 conscriberetur,
1580 451 1620 486 et
1643 457 1731 485 non

344 507 389 553 in
412 506 556 570 primo
579 516 833 568 poneretur,
856 507 1045 553 multum
1062 508 1268 554 mirarer:
1292 519 1456 572 quanto
1489 509 1622 569 magis
1643 509 1731 555 mi-

347 577 534 623 randum
554 586 634 632 est,
656 574 776 639 quod
797 574 917 621 nulla
946 576 1010 622 ibi
1044 581 1135 636 ejus
1170 577 1483 625 admemoratio
1509 579 1622 625 facta
1650 590 1729 634 est,

345 648 422 711 qui
443 645 624 691 maxime
645 645 700 691 ad
716 646 952 692 concilium
972 647 1118 693 venire
1134 646 1306 706 debuit,
1331 660 1379 695 ut
1398 650 1450 696 de
1464 649 1558 714 ipso
1574 650 1733 713 prima-

346 729 415 764 tus
440 716 592 763 ordine
619 734 768 763 coram
797 718 995 764 omnium
1020 717 1313 764 Numidarum
1349 721 1567 783 episcopis
1592 720 1734 766 eccle-

347 789 508 836 siarum
533 788 738 851 primitus
754 792 980 848 ageretur?

412 860 472 906 ll.
500 858 579 904 His
602 858 656 904 de
675 858 814 904 causis
835 859 966 904 etiarn
978 859 1124 906 venire
1141 860 1410 917 dubitarem,
1429 877 1483 906 ne
1499 859 1609 907 forte
1628 860 1736 906 falsa

347 940 453 977 esset
479 928 684 975 tractoria
700 965 711 986 ,
749 945 836 992 qua
863 939 984 974 tanta
1007 931 1264 993 perversitas
1289 941 1518 995 appareret
1542 949 1552 976 :
1592 947 1736 995 quan-

347 1018 482 1066 quam
501 1011 545 1046 et
567 999 765 1061 angustia
794 1001 1004 1064 temporis
1023 1012 1064 1047 et
1084 1001 1179 1048 aliae
1213 1010 1361 1062 graves
1381 1002 1649 1048 necessitates
1672 1019 1738 1048 me

350 1071 656 1136 multipliciter
678 1071 957 1135 impedirent.
996 1072 1123 1119 Unde
1144 1081 1246 1136 peto
1267 1072 1584 1119 beatitudinem
1615 1080 1736 1119 tuam

351 1155 401 1190 ut
427 1143 537 1189 mihi
561 1143 774 1203 ignoscas,
798 1153 839 1188 et
856 1143 1001 1206 primo
1019 1144 1177 1190 instare
1194 1144 1400 1205 digneris,
1425 1155 1473 1190 ut
1494 1146 1604 1190 inter
1618 1155 1740 1190 tuam

349 1213 682 1260 sanctimoniam
703 1223 744 1258 et
758 1224 901 1258 senem
936 1213 1214 1277 Xantipputn'
1252 1214 1526 1260 concorditer
1555 1225 1738 1270 constet,

351 1285 447 1348 quis
461 1292 651 1331 vestrum
669 1283 826 1330 debeat
844 1293 1087 1331 convocare
1101 1284 1339 1330 concilium
1360 1292 1370 1329 i
1389 1295 1464 1330 aut
1481 1295 1611 1342 certe,
1623 1283 1742 1349 quod

351 1354 568 1402 salubrius
587 1353 794 1410 arbitror,
816 1355 905 1400 sine
919 1357 1182 1418 cujusquam
1195 1354 1457 1418 praejudicio
1479 1355 1610 1401 ambo
1630 1372 1744 1401 con-

352 1435 504 1471 vocate
523 1424 708 1484 collegas
731 1435 902 1470 nostros
918 1462 928 1480 ,
965 1430 1035 1470 eos
1061 1425 1243 1471 maxime
1260 1425 1338 1489 qui
1360 1424 1485 1470 vobis
1510 1424 1742 1489 episcopa-

354 1507 423 1543 tus
444 1506 570 1542 aetate
593 1495 726 1542 vicini
744 1505 859 1552 sunt,
881 1495 957 1559 qui
979 1494 1105 1541 facile
1121 1496 1217 1559 quis
1244 1503 1436 1541 vestrum
1456 1512 1605 1542 verum
1626 1496 1745 1542 dicat

356 1577 609 1628 agnoscant,
642 1577 690 1612 ut
713 1567 824 1612 inter
845 1583 921 1612 vos
947 1583 1112 1629 paucos
1125 1562 1273 1612 eadem
1299 1581 1393 1630 prae
1412 1566 1578 1612 caeteris
1598 1581 1745 1630 quaes-

360 1638 418 1684 tio
443 1637 694 1693 dirimatur,
716 1647 757 1683 et
773 1652 916 1683 errore
936 1636 1108 1683 sublato
1138 1638 1325 1683 minores
1345 1654 1368 1683 a
1388 1638 1555 1683 caeteris
1578 1644 1746 1682 convo-

359 1713 527 1762 centur,
554 1708 633 1771 qui
658 1717 737 1753 nec
759 1718 939 1771 possunt
973 1716 1053 1753 nec
1074 1706 1252 1763 debent,
1279 1707 1357 1753 nisi
1379 1707 1504 1754 vobis
1530 1709 1574 1752 in
1593 1707 1678 1753 hac
1703 1713 1747 1752 re

360 1787 569 1842 tanquam
590 1778 814 1841 prioribus
830 1777 1022 1830 credere,
1054 1788 1095 1824 et
1113 1790 1231 1824 nunc
1250 1778 1451 1838 ignorant
1468 1779 1540 1824 cui
1557 1788 1747 1824 vestrum

361 1849 635 1914 petissimum
654 1849 849 1895 credant.
872 1847 997 1895 Hanc
1015 1848 1240 1913 epistolam
1253 1849 1464 1909 'signatam
1480 1848 1573 1895 misi
1587 1848 1748 1895 annulo

363 1919 440 1983 qni
457 1920 660 1984 exprimit
672 1919 826 1966 faciem
843 1917 1032 1965 hominis
1047 1916 1306 1966 attendentis
1326 1919 1370 1965 in
1394 1914 1520 1966 latus.
