1902 3268
371 273 467 321 310
793 286 832 318 s.
873 281 1121 318 mensum
1154 283 1361 319 muscom

371 350 515 398 vimus
536 361 578 398 et
610 350 845 398 Ecclesiam
865 387 876 406 ‚
915 351 959 396 in
989 368 1038 397 eo
1057 351 1176 415 quod
1202 352 1293 398 illic
1317 351 1481 399 dicitur
1500 391 1512 411 ,
1540 374 1561 397 «
1579 355 1752 404 Laetare

371 442 392 463 »
413 422 567 467 sterilis
586 459 598 478 ‚
620 437 721 485 quae·
744 437 830 466 non
851 427 995 482 par'1s3
1026 438 1207 485 erumpe
1230 433 1271 468 ct
1296 423 1507 482 exclama,
1539 443 1642 490 quae
1660 444 1751 474 non

371 512 393 535 ›>
411 493 600 556 parturis
616 510 626 547 3
645 491 855 553 quoniam
878 490 1005 534 multi
1029 490 1108 536 filii
1135 492 1334 550 desertae,
1356 496 1492 556 magis
1509 514 1640 560 quam
1661 502 1753 559 eJ‘us

370 582 391 603 »
411 578 512 624 quae
536 562 672 606 habet
688 560 846 606 virum.
879 559 995 604 Dixit
1017 559 1134 605 enim
1156 562 1370 609 Dominus
1401 582 1412 610 ι
1439 566 1583 612 Dilata
1603 567 1753 614 locum

367 631 677 677 »tabernaculi
696 631 787 682 tui,
814 640 857 675 et
885 630 1043 675 aulaeas
1075 641 1172 677 tuas
1197 634 1367 694 confige
1385 671 1396 690 ,
1426 652 1514 681 non
1540 647 1601 682 est
1625 637 1748 700 quod

368 719 604 766 »parcasz
641 701 818 761 Porrige
858 700 1028 760 longius
1063 701 1281 749 funiculos
1302 741 1312 760 ‚
1352 715 1393 750 et
1431 706 1555 769 palos
1583 707 1755 755 validos

372 795 394 816 »
416 774 632 820 confirma
651 810 662 829 ‚
699 772 830 818 etiam
858 783 986 836 atque
1007 772 1135 819 etiam
1162 773 1208 820 in
1233 774 1452 821 dexteram
1477 788 1608 841 atque
1627 778 1755 826 sinis-

372 856 522 890 »tram
551 843 745 890 extende.
782 847 936 890 Semen
966 843 1084 889 enim
1118 855 1241 891 tuum
1267 846 1551 893 haereditabit
1571 859 1714 908 gentes
1742 867 1754 896 :

373 935 396 957 »
418 925 462 961 et
499 914 695 961 civitates
729 930 831 977 quae
857 913 1036 960 desertae
1076 926 1198 962 erant
1235 917 1522 965 inhabitabis.
1566 919 1663 966 Non
1695 930 1759 966 est

373 1005 396 1028 »
416 985 538 1050 quod
575 995 764 1041 metuas,
800 986 1061 1048 praevalebis
1087 988 1200 1033 enim
1221 1008 1233 1042 3
1260 1006 1340 1035 nec
1362 990 1592 1037 erubescas
1607 1029 1618 1047 ‚
1639 991 1761 1055 quod

377 1056 688 1103 »detestabilis
726 1054 872 1102 fueris.
917 1055 1229 1104 Confusionem
1265 1059 1381 1106 enim
1416 1060 1461 1106 in
1492 1071 1760 1125 perpetuum

375 1147 397 1170 >)
415 1126 703 1181 oblivisceris,
722 1125 975 1186 ignominiae
998 1127 1223 1175 viduitatis
1245 1140 1334 1175 tuae
1355 1148 1448 1176 non
1468 1132 1550 1178 eris
1566 1149 1760 1189 memor;

377 1219 399 1242 »
419 1197 626 1263 quoniam
650 1214 727 1257 ego
745 1213 841 1243 sum
864 1197 1079 1244 Dominus
1098 1235 1110 1255 ,
1138 1199 1216 1263 qui
1238 1199 1343 1246 fecit
1363 1210 1422 1256 te,
1448 1202 1661 1249 Dominus
1674 1219 1763 1249 no-

377 1289 399 1311 »
419 1285 521 1314 men
536 1267 589 1315 ei.
611 1268 667 1313 Et
681 1267 757 1331 qui
775 1268 888 1313 eruit
910 1277 952 1313 te
970 1304 981 1324 ,
1005 1268 1098 1332 ipse
1117 1269 1235 1316 Deus
1249 1270 1385 1316 Israel
1404 1271 1617 1319 universae
1631 1283 1758 1320 terrae

377 1360 398 1382 n
417 1338 651 1386 vocabitur
666 1338 699 1386 1.
732 1360 752 1380 >³

442 1410 563 1457 XVI.
592 1410 689 1455 Non
716 1410 919 1457 novimus
935 1410 1044 1474 quid
1068 1410 1122 1457 de
1143 1412 1431 1459 traditoribus
1455 1412 1610 1459 dicatis
1627 1451 1637 1470 ‚
1653 1429 1765 1477 quos

377 1497 605 1545 nunquam
632 1480 909 1537 convincere,
934 1498 1158 1546 nunquam
1182 1483 1406 1529 ostendere
1420 1484 1638 1548 potuistis,
1661 1485 1763 1531 Non

379 1551 481 1597 dico
498 1588 509 1607 ‚
532 1552 636 1614 quia
654 1551 783 1597 vestri
803 1551 952 1615 potius
970 1552 1015 1597 in
1039 1552 1116 1598 tali
1137 1553 1318 1599 crimine
1340 1553 1498 1600 detecti
1521 1564 1562 1599 et
1584 1553 1767 1601 confessi

380 1622 738 1668 manifestantur:
765 1622 874 1685 quid
901 1623 954 1668 ad
976 1640 1054 1668 nos
1080 1624 1268 1686 pertinet
1291 1623 1345 1669 de
1373 1624 1552 1670 sarcinis
1579 1625 1765 1672 alienis?

380 1692 464 1739 nisi
503 1703 552 1739 ut
585 1709 696 1756 quos
730 1709 960 1755 possumus
990 1693 1281 1753 corrigamus,
1312 1693 1380 1739 vel
1401 1695 1675 1758 correptione
1697 1694 1768 1742 vel

382 1780 662 1828 quacumque
690 1763 923 1827 disciplina
954 1763 999 1809 in
1026 1764 1183 1828 spiritu
1216 1764 1563 1811 mansuetudinis
1587 1775 1629 1811 et
1659 1765 1767 1812 dili-

384 1835 526 1896 gentia
551 1834 809 1888 charitatis3
853 1851 963 1898 quos
997 1846 1139 1882 autem
1172 1836 1385 1896 corrigere
1414 1853 1502 1882 non
1538 1836 1731 1883 valemus
1751 1873 1764 1894 ,

384 1905 553 1951 etiamsi
576 1905 802 1950 necessitas
826 1905 944 1966 cogit
966 1923 1049 1969 pro
1076 1906 1212 1952 salute
1242 1917 1500 1952 caeterorum
1526 1916 1575 1952 ut
1599 1907 1678 1952 Dei
1696 1924 1768 1952 sa-

386 1985 604 2020 cramenta
619 1975 850 2020 nobiscum
872 1976 1224 2031 communicent,
1247 1978 1438 2039 peccatis
1458 1987 1602 2022 tamen
1615 1992 1768 2023 eorum

383 2063 472 2091 non
497 2045 868 2091 communicemus
888 2082 897 2100 ,
933 2045 1055 2110 quod
1078 2063 1169 2092 non
1200 2047 1249 2092 fit
1284 2046 1365 2091 nisi
1395 2045 1705 2092 consentiendo
1727 2056 1771 2092 et

385 2115 585 2162 favendo.
615 2115 687 2161 Sic
706 2116 818 2161 enim
842 2133 912 2162 eos
931 2117 974 2162 in
993 2117 1074 2163 isto
1094 2117 1282 2174 mundo,
1305 2118 1350 2163 in
1372 2134 1460 2181 quo
1486 2117 1679 2164 Ecclesia
1700 2133 1771 2163 ca-

386 2186 551 2232 tholica
573 2203 652 2248 per
676 2202 824 2231 omnes
842 2197 985 2246 gentes
1005 2187 1271 2233 diffunditur
1288 2224 1299 2243 ‚
1321 2204 1450 2251 quem
1473 2203 1628 2249 agrum
1642 2203 1771 2233 suum

388 2256 604 2304 Dominus
635 2255 742 2301 (licit
760 2293 770 2312 ‚
806 2266 1014 2320 tanquam
1048 2258 1211 2304 zizania
1247 2257 1359 2303 inter
1386 2257 1606 2312 triticum,
1633 2256 1702 2304 vel
1724 2254 1771 2301 in

387 2327 474 2372 hac
498 2325 675 2372 unitatis
700 2343 793 2371 arca
814 2336 1024 2391 tanquam
1052 2327 1222 2391 paleam
1248 2328 1507 2391 permixtam
1528 2326 1766 2382 frumento,

386 2397 453 2444 vel
473 2397 586 2442 intra
611 2396 716 2442 retia
741 2397 866 2444 verbi
890 2407 932 2442 et
960 2397 1219 2443 sacramenti
1244 2409 1454 2462 tanquam
1478 2397 1614 2442 malos
1630 2396 1771 2460 pisces

387 2485 489 2514 cum
513 2467 640 2513 bonis
659 2467 865 2520 inclusos,
891 2484 1026 2532 usque
1048 2469 1103 2516 ad
1127 2479 1299 2533 tempus
1322 2468 1467 2515 messis
1491 2478 1566 2514 aut
1588 2466 1769 2514 ventila-

391 2538 520 2586 tionis
544 2547 619 2584 aut
638 2537 797 2585 littoris
820 2538 1051 2587 toleramus
1067 2577 1079 2598 ,
1109 2557 1163 2587 ne
1183 2550 1368 2605 propter
1385 2538 1480 2586 illos
1501 2537 1772 2585 eradicemus

438 2622 448 2645 1
468 2622 538 2654 lsai.
552 2632 621 2661 mv,
643 2622 710 2654 1-8.
