1902 3268
618 246 827 279 Errsrora
862 247 990 277 cxxx.
1397 229 1491 289 483

132 314 218 362 hac
241 314 483 375 ignorantia
501 329 580 359 nec
601 328 642 357 se
661 312 804 375 ipsum
827 311 1059 378 Apostolus
1078 312 1264 357 ostendit
1282 311 1466 357 alienum
1481 349 1493 369 ,

133 387 214 432 nisi
230 385 342 432 forte
361 384 469 450 quid
495 394 633 429 oraret
650 383 761 429 sicut
784 393 955 446 oportet
979 382 1159 439 sciebat,
1183 383 1359 446 quando
1378 384 1422 429 in
1441 400 1502 428 re-

133 455 396 502 velationum
418 453 716 515 magnitudine
739 471 792 499 ne
812 453 1084 499 extolleretur
1108 452 1233 498 datus
1259 463 1321 499 est
1345 453 1407 498 illi
1425 453 1504 498 sti-

138 525 283 572 mulus
308 525 478 579 ca1·nis‚
517 524 691 584 angelus
721 523 892 569 Satanae
910 563 920 579 ,
953 523 1029 587 qui
1051 540 1147 569 eum
1175 523 1503 586 colaphizaret,

138 607 322 660 propter
354 595 475 659 quod
509 605 571 640 ter
596 595 832 640 Dominum
861 593 1056 654 rogavit1
1078 631 1088 650 ‚
1128 605 1176 639 ut
1198 611 1297 639 eum
1326 593 1512 639 auferret

142 666 199 712 ab
219 682 272 711 eo
292 703 303 722 ‚
329 666 480 729 utique
507 665 620 711 sieut
647 675 819 727 oportet
843 664 1034 710 nesciens
1053 663 1162 727 quid
1192 674 1345 709 oraret.
1370 662 1512 708 vDeni-

141 753 226 800 que
250 737 333 782 Dei
353 752 608 799 responsum
632 752 711 781 cur
727 753 817 780 non
849 735 994 789 fieret,
1018 733 1138 797 quod
1163 735 1229 779 vir
1251 743 1391 778 tantus
1413 749 1514 778 ora-

141 806 240 859 bat,
277 817 319 852 et
356 823 490 870 quare
520 805 614 850 fieri
650 822 739 851 non
781 803 998 867 expediret
1015 841 1027 859 ,
1064 802 1231 850 audivit
1254 822 1265 856 ;
1305 823 1326 844 (ε
1349 801 1520 847 Sufficit

118 905 128 909 -
145 897 166 918 >2
192 875 273 921 tibi
288 877 425 936 gratia
452 893 558 922 mea.
591 874 704 920 Nam
717 874 855 920 virtus
876 873 921 918 in
945 873 1197 918 infirmitate
1214 873 1441 936 perficitur
1456 872 1521 918 ἓ.»

210 947 371 992 XXVI.
405 946 457 991 In
491 945 560 990 his
596 960 698 1004 ergo
736 943 1096 989 tribulationibus
1118 980 1128 999 ‚
1153 959 1254 1007 quae
1276 952 1459 1006 possunt
1481 951 1523 986 et

154 1015 355 1079 prodesse
378 1026 419 1061 et
439 1031 610 1071 nocere,
631 1013 737 1078 quid
765 1031 936 1060 oremus
957 1014 1067 1060 sicut
1086 1023 1258 1078 oportet
1276 1013 1492 1058 nescimus
1511 1029 1522 1056 τ

154 1096 198 1132 et
222 1095 369 1131 tamen
395 1085 497 1148 quia
520 1085 630 1131 dura
647 1121 658 1140 ,
683 1084 787 1148 quia
820 1084 997 1130 molesta
1016 1121 1026 1140 ,
1047 1085 1151 1148 quia
1174 1094 1330 1130 eontra
1351 1098 1526 1129 sensum

151 1167 309 1202 nostrae
332 1156 601 1202 infirmitatis
627 1166 727 1201 sunt
743 1192 755 1212 ‚
783 1155 1017 1201 universali
1050 1155 1245 1201 bumana
1274 1153 1514 1208 voluntate,

155 1237 205 1273 ut
222 1245 245 1273 a
266 1227 393 1273 nobis
416 1227 515 1272 haee
538 1225 788 1272 auferantur
803 1263 815 1282 ,
835 1241 1023 1272 oramus.
1062 1226 1146 1271 Sed
1174 1226 1262 1272 hoe
1286 1223 1528 1271 devotionis

151 1297 361 1343 debemus
386 1297 577 1342 Domino
603 1297 694 1342 Deo
726 1306 891 1351 nostro,
920 1306 968 1341 ut
999 1295 1033 1341 si
1071 1313 1135 1355 ead
1155 1312 1244 1341 non
1273 1293 1529 1348 abstulerit,

156 1385 246 1414 non
280 1367 378 1413 ideo
402 1385 479 1412 nos
514 1367 569 1412 ab
593 1384 642 1413 eo
667 1366 825 1426 negligi
857 1366 1172 1422 existimemus,
1198 1365 1271 1411 sed
1293 1365 1439 1428 potius
1462 1363 1537 1427 pia

153 1436 364 1500 patientia
389 1436 601 1481 malorum
620 1472 630 1491 ‚
658 1436 774 1481 bona
798 1452 1020 1498 speremus
1047 1435 1258 1498 ampliora
1292 1432 1304 1478 't
1334 1435 1396 1479 sie
1420 1434 1536 1478 enim

156 1507 293 1554 virtus
312 1506 357 1552 in
380 1507 633 1552 infirmitate
656 1506 899 1569 perficitur.
936 1505 1174 1551 ’Nonnullis
1198 1505 1365 1568 quippe
1389 1504 1538 1566 impa-

157 1576 366 1623 tientibus
386 1577 598 1622 Dominus
626 1579 740 1622 Deus
765 1576 885 1640 quod
906 1577 1115 1639 petebant
1138 1576 1348 1621 concessit
1362 1575 1501 1619 iratus
1518 1609 1529 1628 ‚

159 1647 273 1693 sicut
303 1657 456 1693 contra
495 1650 522 1692 A
532 1647 703 1710 postolo
737 1647 910 1706 negavit
947 1647 1179 1709 propitius.
1217 1646 1329 1690 Nam
1352 1643 1535 1703 legimus

159 1716 370 1762 Israelitae
393 1716 501 1779 quid
527 1728 567 1762 et
596 1716 820 1780 quomodo
859 1718 1105 1776 rogaverint
1136 1726 1182 1761 et
1220 1715 1466 1778 acceperint
1485 1713 1503 1741 ‘⁹’
1521 1749 1532 1768 ‚

159 1786 233 1832 sed
245 1786 414 1849 *expleta
434 1787 790 1850 concupiscentia
811 1820 821 1839 ‚
856 1786 1127 1849 impatientia
1152 1796 1214 1831 est
1230 1785 1418 1845 graviter
1439 1800 1537 1829 eas-

160 1856 308 1915 tigata.
332 1855 463 1901 Dedit
481 1866 523 1901 et
546 1873 685 1916 regem
707 1856 957 1919 petentibus
975 1855 1216 1902 secundum
1235 1872 1312 1901 cor
1331 1852 1532 1908 eorum4‚

161 1926 274 1971 sicut
295 1926 510 1989 scriptum
528 1937 591 1971 est
609 1963 619 1982 ‚
637 1943 724 1971 non
741 1926 983 1972 secundum
1003 1943 1230 1972 corsuum.
1259 1925 1389 1973 Dedit
1405 1924 1536 1970 etiam

163 1995 284 2059 quod
323 1995 526 2042 diabolus
561 1996 831 2059 postulavit,
871 2008 919 2042 ut
941 1997 1196 2060 probandus
1228 2000 1320 2056 ejus
1348 1993 1536 2042 famulus

163 2076 404 2111 tentaretur
423 2065 456 2113 ⁵.
485 2067 718 2112 Exaudivit
736 2078 933 2127 rogantes
952 2078 994 2112 et
1010 2066 1258 2113 immundos
1273 2066 1468 2130 spiritus,
1489 2074 1539 2109 ut

164 2136 210 2181 in
233 2136 394 2182 multos
411 2153 504 2181 sues
524 2137 635 2196 legio
658 2136 909 2183 daemonum
935 2138 1221 2183 mittereturss.
1252 2138 1359 2182 Haec
1373 2135 1538 2198 scripta

167 2217 293 2262 sunt,
325 2224 377 2252 ne
399 2206 510 2252 forte
529 2225 570 2252 se
591 2209 772 2271 quisque
791 2209 1103 2272 magnipendat
1117 2246 1126 2264 ‚
1155 2208 1188 2253 si
1210 2207 1340 2254 fuerit
1359 2206 1540 2253 exaudi-

166 2288 387 2327 tus,—cum
405 2277 572 2341 aliquid
598 2279 875 2341 impatienter
898 2280 1026 2342 petit,
1052 2278 1173 2343 quod
1194 2296 1280 2324 non
1307 2279 1538 2342 impetrare

169 2346 268 2410 plus
292 2348 460 2410 prosit3
484 2359 560 2393 aut
582 2366 623 2394 se
648 2349 852 2408 abjiciat,
877 2360 920 2394 et
943 2349 996 2394 de
1017 2348 1165 2394 divina
1183 2366 1283 2409 erga
1307 2366 1348 2394 se
1367 2349 1538 2393 misera-

171 2417 287 2463 tione
303 2417 515 2482 desperet,
537 2420 568 2465 si
589 2437 674 2465 non
688 2419 957 2475 exaudiatur,
979 2437 1080 2466 cum
1100 2419 1208 2466 forte
1227 2419 1392 2483 aliquid
1409 2418 1536 2482 petit,

223 2517 234 2538 ¹
253 2527 270 2546 2
288 2518 361 2551 Cor.
379 2529 440 2556 κη,
457 2530 487 2558 7.
503 2537 545 2542 -——
563 2517 577 2540 Ἰ
594 2518 679 2551 Ibid.
702 2531 734 2560 9.
752 2538 796 2543 —-—
815 2516 830 2540 3
845 2521 942 2551 Num.
967 2530 1010 2557 xx,
1032 2521 1086 2553 33.
1103 2517 1174 2543 —4
1196 2532 1208 2551 1
1231 2523 1317 2561 fleg.
1343 2530 1422 2558 vm,
1453 2531 1482 2559 7.
1497 2537 1541 2543 —-

174 2571 188 2597 5
206 2572 284 2607 Job.
307 2585 332 2613 1,
353 2585 404 2614 12,
430 2579 459 2606 et
474 2585 545 2618 cap.
566 2586 601 2614 u,
617 2576 650 2610 6.
670 2594 714 2601 -—
729 2573 744 2597 ὅ
759 2578 834 2609 Luc.
848 2587 922 2617 vui,
942 2577 994 2608 32.

1335 2630 1412 2680 31.
