1902 3268
334 251 425 297 270
740 250 775 280 S.
816 249 1063 280 AUGUSTINI
1099 248 1300 279 EMSCOPJ

331 313 614 380 prehendunt
635 333 647 366 ;
672 324 713 358 et
734 313 766 359 si
794 314 879 361 hoc
898 332 985 360 non
1004 325 1288 377 assequuntur
1307 350 1317 368 ‚
1347 328 1590 358 mensuram
1615 314 1707 370 ejus

330 386 481 449 utique
501 402 584 430 uon
607 385 986 447 comprehemlunt
1003 405 1013 439 ς
1030 401 1109 429 nec
1130 383 1226 429 ideo
1253 382 1370 429 nulla
1394 392 1473 430 est.
1493 381 1593 444 quia
1618 380 1706 426 ho-

330 457 468 502 mines
501 472 591 500 eam
624 472 746 499 nosse
769 472 857 500 uon
879 465 1075 518 possunt.
1118 455 1266 499 Potest
1298 454 1429 513 igitur
1465 451 1630 514 aliquid
1665 459 1707 496 et

331 527 758 589 sempiternumesse.
776 536 818 570 et
837 537 998 571 certam
1021 524 1087 570 sui
1112 524 1228 569 modi
1255 524 1415 569 habere
1441 539 1700 569 mensuram.

331 595 581 643 Secundum
602 595 719 659 ipsos
739 596 853 641 enim
873 596 925 641 de
950 595 1049 641 solis
1070 594 1309 639 aeternitate
1328 594 1499 639 locutus
1520 609 1637 647 sum,
1661 602 1710 637 ut

326 684 402 712 sua
426 667 636 712 sententia
672 666 992 712 convincantur
1029 674 1159 728 atque
1186 663 1430 709 concedant
1460 679 1546 708 esse
1584 678 1708 726 posse

327 736 493 801 aliquid
514 754 615 783 cum
643 754 841 783 mensura
877 737 1206 800 sempiternum.
1237 738 1298 780 Ac
1315 734 1375 779 sic
1401 750 1488 779 non
1507 732 1602 779 ideo
1626 748 1710 796 pu·

329 817 421 853 tent
439 824 524 853 non
549 824 636 853 esse
654 807 923 853 credendum
950 807 1004 853 de
1031 804 1250 869 supplicio
1275 804 1556 868 sempiterno,
1586 799 1708 867 quod

330 879 520 925 minatus
545 889 608 924 est
628 879 848 935 Christus,
873 878 976 942 quia
1002 877 1117 924 idem
1136 876 1243 922 dixit
1263 914 1274 932 ‚
1298 877 1381 922 «ln
1400 893 1488 940 qua
1508 890 1710 921 mensura

328 949 500 995 »mensi
527 949 697 994 fueritis
715 986 726 1006 ,
748 952 998 996 remetietur
1019 948 1157 995 vobis.
1185 970 1205 990 »

395 1020 556 1067 XXIV.
584 1020 630 1065 Si
647 1020 760 1066 enim
783 1021 954 1066 dixisset
974 1058 984 1076 ‚
1007 1019 1138 1077 Quod
1161 1019 1293 1065 mensi
1312 1018 1496 1074 fueritis,
1521 1018 1710 1064 hocine-

331 1090 462 1138 tietur
498 1091 648 1145 vobi53
689 1092 817 1136 etiam
845 1092 906 1137 sic
932 1109 1020 1137 non
1045 1090 1224 1136 omnino
1249 1090 1303 1136 ad
1327 1090 1521 1136 eamdem
1550 1105 1637 1135 rem
1662 1103 1710 1134 ex

328 1162 449 1209 omni
473 1172 597 1225 parte
631 1179 799 1208 necesse
835 1173 941 1208 esset
969 1161 1124 1207 referre
1160 1162 1432 1208 sententiam.
1475 1163 1712 1206 Possumus

330 1233 445 1280 enim
481 1243 595 1279 recte
623 1232 795 1291 dicere,
836 1232 968 1290 Quod
1006 1233 1270 1297 plantaveris
1292 1270 1303 1290 ‚
1343 1233 1432 1279 hoc
1468 1231 1709 1294 decerpes;

333 1303 533 1369 quamvis
557 1320 686 1348 nemo
710 1304 878 1368 plantet
904 1322 1085 1369 pomum
1111 1303 1183 1350 sed
1204 1304 1389 1364 lignum,
1413 1303 1620 1366 decerpat
1641 1316 1713 1346 au-

333 1385 414 1421 tem
442 1391 622 1438 pomum
646 1375 781 1435 magis
807 1393 941 1439 quam
973 1375 1170 1433 lignum:
1197 1375 1270 1421 sed
1300 1375 1410 1422 illud
1439 1374 1623 1420 dicimus
1644 1388 1713 1420 se-.·

330 1444 527 1491 cundum
566 1445 735 1491 arboris
764 1463 926 1506 genus3
954 1448 1058 1509 quia
1093 1463 1182 1491 non
1223 1447 1353 1491 ficum
1384 1446 1555 1509 plantat
1594 1441 1709 1488 unde

330 1532 484 1561 nucem
518 1514 736 1579 decerpat.
769 1518 834 1562 lta
856 1516 942 1562 dici
971 1527 1143 1580 posset,
1178 1516 1307 1573 Quod
1331 1516 1481 1562 feceris
1502 1513 1675 1579 patieris
1697 1531 1709 1575 3

329 1602 416 1632 non
438 1595 484 1630 ut
509 1586 540 1630 si
566 1596 765 1649 stuprum
804 1587 977 1642 fecerit,
1009 1598 1210 1650 stuprum
1237 1587 1430 1649 patiatur
1453 1609 1462 1641 ;
1495 1585 1566 1631 sed
1591 1578 1712 1647 quod

329 1665 511 1720 peccato
533 1654 614 1700 isto
635 1656 736 1702 fecit
752 1656 854 1716 legi,
873 1656 961 1702 hoc
988 1657 1025 1701 ei
1050 1657 1114 1701 lex
1135 1655 1284 1709 faciat,
1303 1656 1346 1702 id
1373 1669 1435 1703 est
1452 1657 1554 1720 quia
1572 1656 1709 1714 legem

329 1726 429 1771 talia
452 1724 759 1789 prohibentem
780 1727 833 1772 de
850 1744 925 1772 sua
944 1729 1031 1773 vita
1061 1727 1258 1780 abstulit,
1278 1727 1443 1773 auferat
1463 1744 1561 1773 eum
1577 1736 1711 1772 etnam

326 1795 421 1860 ipsa
442 1795 507 1841 lex
539 1794 592 1840 de
626 1795 856 1842 hominum
882 1797 971 1842 vita
997 1813 1131 1859 quam
1156 1797 1277 1856 regit.
1306 1798 1414 1843 Item
1440 1798 1474 1843 si
1506 1796 1705 1848 dixisset,

334 1871 557 1923 Quantum
582 1868 714 1913 mensi
741 1867 927 1922 fueritis,
961 1878 1133 1913 tantum
1169 1868 1417 1914 remetietur
1447 1867 1596 1922 vobis3
1630 1877 1711 1921 neo

331 1938 391 1983 sic
418 1948 523 1982 esset
543 1953 809 2000 consequens
827 1974 835 1992 ,
855 1948 903 1983 ut
923 1937 1041 1982 omni
1058 1937 1186 1983 modo
1205 1938 1392 2001 aequales
1407 1937 1595 2002 peccatis
1613 1949 1710 1999 poe-

330 2025 406 2054 nas
448 2006 681 2066 intelligere
717 2006 992 2054 deberemus
1038 2009 1187 2070 Neque
1230 2009 1344 2053 enim
1387 2007 1570 2072 aequalia
1609 2013 1710 2051 sunt

332 2078 453 2126 verbi
474 2078 609 2138 gratia
625 2115 635 2134 ‚
665 2080 857 2124 triticum
877 2091 916 2124 et
944 2078 1155 2124 hordeum
1176 2099 1187 2133 3
1212 2090 1254 2124 et
1279 2079 1474 2143 profecto
1499 2078 1586 2124 dici
1609 2091 1709 2140 lm&

332 2160 421 2205 set,
445 2150 671 2206 Quantum
697 2150 834 2195 mensi
850 2149 1042 2205 fueritis,
1078 2161 1245 2196 tantum
1275 2151 1524 2196 remetietur
1551 2147 1705 2201 vobis,

332 2221 419 2266 hoc
444 2230 505 2265 est
528 2229 742 2283 quantum
764 2220 924 2274 tritici,
957 2231 1125 2265 tantum
1151 2219 1320 2267 hordei.
1350 2220 1482 2277 Quod
1503 2220 1537 2266 si
1561 2219 1614 2265 de
1634 2211 1711 2264 (1οὲ-

331 2290 500 2336 loribus
534 2301 759 2349 ageretur,
798 2302 926 2354 atque
968 2292 1214 2347 diceretur,
1256 2292 1481 2347 Quantum
1514 2290 1707 2349 dolorem

331 2360 612 2422 ingesseritiS,
641 2371 785 2406 tantus
828 2362 1045 2421 ingeretur
1070 2361 1219 2416 vobis]
1256 2362 1347 2407 sieri
1375 2373 1513 2423 posset
1540 2372 1588 2406 ut
1619 2370 1709 2405 tan-

332 2443 399 2477 tus
434 2430 562 2476 dolor
596 2441 733 2487 esset,
771 2432 971 2494 quamvis
1009 2443 1201 2494 tempore
1236 2431 1510 2486 diuturnior,
1542 2432 1629 2477 hoc
1648 2440 1709 2489 est

332 2519 451 2548 mora
480 2503 616 2559 major
634 2537 645 2556 ,
674 2501 717 2547 vi
742 2519 836 2564 pur.
865 2503 1015 2565 Neque
1045 2504 1158 2547 enim
1187 2502 1220 2547 si
1247 2502 1300 2548 de
1324 2501 1496 2547 duabus
1519 2499 1709 2561 lucernis

329 2573 525 2621 dicamus
549 2608 560 2627 ‚
582 2569 772 2617 Tantum
804 2572 913 2630 ignis
938 2573 1015 2618 iste
1043 2572 1176 2618 caluit
1196 2609 1207 2629 ,
1235 2583 1449 2636 quantum
1478 2571 1549 2618 ille
1572 2592 1583 2626 3
1610 2570 1707 2617 ideo
