1902 3268
414 275 506 320 300
835 291 870 321 s.
915 291 1161 322 Aneusrlm
1197 292 1401 323 Emscori

478 357 561 403 lull.
584 357 629 403 Si
646 367 788 402 autem
808 356 905 401 ideo
925 356 1048 402 vobis
1066 356 1360 420 displicemus,
1375 360 1477 422 quia
1496 378 1575 423 per
1592 365 1790 426 Impera-

404 429 774 487 torumjussiones
791 427 844 471 ad
865 427 1073 471 unitatem
1091 428 1313 486 cogimini,
1327 429 1411 475 hoc
1433 447 1505 477 vos
1522 431 1696 488 fecistis,
1711 435 1790 497 qui

410 498 680 561 ubicumque
696 497 901 543 vellemus
920 498 1161 560 praedicare
1177 499 1586 556 v=e1itatem,uteam
1605 504 1789 566 quisque

407 585 582 613 securus
608 568 776 614 audiret
802 578 844 614 et
875 567 1022 614 volens
1052 567 1119 612 eli
1111 579 1242 626 gelet,
1283 586 1509 632 nunquam
1535 573 1790 634 permisistis

399 656 478 702 per
494 640 719 686 violentias
750 650 792 685 et
815 651 996 685 terr01es
1021 651 1197 685 vestioS.
1225 640 1369 685 Nolite
1388 641 1584 699 stridere,
1608 654 1650 688 et
1678 662 1786 707 per-

402 709 580 756 turbare
592 713 755 756 animas
776 720 958 762 vestrasg
980 710 1210 773 patienter,
1234 710 1266 754 si
1288 711 1379 756 lieri
1407 723 1562 774 potest,
1586 714 1787 760 conside-

405 791 497 826 rate
515 781 632 846 quod
657 782 862 836 dicimus,
886 793 926 827 et
939 781 1114 827 recolite
1131 781 1244 826 facta
1261 781 1681 829 circumcellionum
1699 801 1788 831 ves-

404 861 588 908 trorum,
619 863 661 898 et
684 852 941 898 clericorum
965 853 1041 915 qui
1067 852 1199 897 duces
1229 869 1379 897 eorum
1400 870 1567 917 semper
1589 855 1782 912 fuerunt,

400 933 442 967 et
456 922 660 968 videbitis
680 940 780 986 quae
798 940 927 969 causa
947 923 1071 969 vobis
1093 923 1175 968 hoc
1191 923 1453 968 excitaverit.
1483 924 1611 970 Unde
1628 925 1786 984 injuste

401 993 653 1055 querimini,
680 994 784 1058 quia
804 994 929 1040 vobis
947 994 1093 1039 omnia
1117 994 1195 1038 ista
1215 994 1537 1052 utjuberentur
1560 995 1778 1054 coegistis.

398 1062 510 1108 Nam
537 1074 583 1109 ut
606 1064 733 1124 longe
749 1064 970 1127 praeterita
995 1074 1036 1108 et
1063 1064 1200 1108 multa
1241 1081 1329 1109 non
1365 1076 1614 1127 repetamus
1632 1064 1784 1112 saltem

398 1134 587 1179 recentia
602 1132 717 1179 facta
740 1144 880 1180 vestra
915 1133 1117 1193 cogitate.
1143 1134 1316 1178 Marcus
1331 1135 1562 1196 presbyter
1583 1134 1783 1197 Caspha-

394 1202 595 1251 lianensis
618 1223 642 1251 a
666 1206 838 1251 nemine
863 1215 1056 1260 coactus,
1086 1205 1264 1268 propria
1289 1205 1514 1250 voluntate
1539 1205 1784 1252 catholicus

394 1273 535 1321 factus
553 1287 628 1323 est.
661 1277 806 1334 Quare
823 1275 949 1322 illum
967 1276 1095 1322 vestri
1119 1275 1335 1338 persecuti
1356 1286 1473 1331 sunt,
1500 1286 1542 1322 et
1566 1293 1676 1339 pene
1701 1293 1782 1322 oc-

395 1344 616 1402 cidissent,
638 1347 721 1393 nisi
740 1347 818 1392 Dei
836 1363 990 1392 manus
1012 1363 1091 1410 per
1105 1345 1302 1391 homines
1322 1348 1672 1409 supervenientes
1690 1346 1781 1392 vio-

393 1414 544 1462 lentias
568 1434 716 1464 eorum
744 1417 1078 1481 compressisset.
1105 1417 1347 1463 Restitutus
1369 1416 1704 1463 Victorianensis
1723 1416 1780 1464 ad

389 1487 656 1534 catholicam
677 1489 798 1535 nullo
822 1499 1002 1549 cogente
1025 1506 1067 1534 se
1091 1488 1327 1535 transtulit.
1360 1489 1507 1545 Quare
1535 1499 1686 1552 raptus
1716 1499 1779 1534 est

391 1555 444 1600 de
467 1557 597 1603 domo
624 1576 722 1615 sua,
753 1577 918 1615 caesus,
947 1560 993 1604 in
1014 1577 1123 1623 aqua
1150 1558 1393 1615 volutatus,
1427 1559 1549 1605 buda
1573 1559 1772 1615 vestitus,

389 1638 429 1672 et
454 1629 597 1674 nescio
621 1640 729 1692 quot
755 1630 880 1676 dies
868 1648 913 1676 m
932 1631 1187 1694 captivitate
1199 1641 1387 1676 retentus
1412 1641 1503 1686 est,
1530 1647 1609 1675 nec
1636 1630 1776 1675 liber-

390 1698 466 1743 tati
487 1700 680 1763 piopriae
692 1700 871 1746 fort1sse
890 1702 1111 1747 restitutus
1135 1701 1366 1757 esset‚11isi
1388 1705 1479 1761 jam
1502 1717 1613 1764 pene
1633 1717 1774 1764 prop·

386 1778 450 1814 tel
469 1769 608 1832 ipsam
630 1788 806 1818 causam
839 1772 1151 1818 Proculeianus
1170 1772 1254 1818 sibi
1277 1772 1592 1818 exhibitionem
1606 1771 1773 1818 videret

382 1840 623 1889 imminere
653 1843 906 1890 Marcianus
928 1844 1130 1904 Urgensis
1150 1843 1416 1890 catholicam
1438 1843 1647 1889 unitatem
1667 1860 1772 1907 pro-

383 1912 478 1975 pria
495 1912 717 1960 voluntate
736 1914 908 1975 delegit.
935 1916 1083 1971 Quare
1104 1915 1426 1961 subdiaconum
1445 1918 1537 1974 ejus
1559 1931 1660 1960 cum
1678 1915 1771 1978 ipse

380 1981 573 2042 fugisset,
598 2002 738 2047 prope
762 2001 897 2047 usque
925 1985 978 2030 ad
1014 1996 1194 2030 mortem
1221 2001 1402 2041 caesum,
1450 1984 1597 2030 clerici
1636 1984 1770 2031 vestri

379 2051 605 2115 lapidibus
639 2056 883 2101 obruerunt
919 2073 1109 2119 quorum
1155 2056 1312 2101 domus
1360 2072 1441 2119 pro
1487 2072 1563 2101 suo
1608 2055 1768 2102 scelere

378 2139 536 2169 eversae
560 2135 675 2171 sunt.

443 2194 518 2241 IV.
555 2195 673 2252 Quid
697 2196 887 2259 amplius
905 2196 1103 2243 dicamus
1120 2200 1138 2243 Ξ)
1156 2197 1287 2243 Modo
1306 2214 1555 2261 praeconem
1570 2196 1761 2254 misistis,

375 2264 453 2328 qui
476 2264 687 2312 clamaret
711 2266 840 2313 Siniti
863 2286 874 2313 :
902 2289 921 2309 ε(
944 2267 1154 2331 Quisquis
1177 2269 1443 2314 Maximiano
1467 2267 1764 2314 communica-

374 2356 395 2376 »
412 2336 539 2386 verit.
573 2337 832 2384 incendetur
853 2339 1010 2385 domus
1034 2342 1126 2398 ejus
1145 2356 1155 2383 :
1197 2360 1218 2380 »
1240 2339 1317 2402 qui
1343 2349 1575 2403 antequam
1595 2338 1687 2401 ipse
1707 2337 1762 2384 ad

375 2406 654 2454 catholicam
686 2427 920 2457 conversus
944 2420 1067 2467 esset,
1101 2420 1143 2456 et
1163 2410 1358 2456 nondum
1383 2410 1436 2456 de
1462 2409 1762 2456 transmarinis

369 2490 614 2535 remeasset,
635 2480 691 2527 ad
724 2481 832 2545 quid
853 2481 974 2529 aliud
999 2481 1306 2546 presbyterum
1334 2481 1464 2527 Siniti
1489 2482 1758 2537 miseramus,

370 2549 452 2597 nisi
471 2560 520 2597 ut
553 2551 663 2599 nulli
680 2553 884 2602 molestus
912 2564 1082 2601 nostros
1109 2553 1320 2611 visitaret,
1357 2563 1398 2600 et
1425 2552 1472 2600 in
1494 2551 1626 2599 domo
1644 2552 1758 2612 Juris

374 2620 439 2668 sui
467 2622 652 2687 positus,
689 2641 844 2688 pacem
877 2625 1143 2674 catholicam
1175 2625 1426 2675 volentibus
1458 2622 1754 2689 praedicaret?
