1902 3268
294 305 386 353 308
719 319 753 348 S.
796 318 1037 349 nuorsrixi
1078 318 1277 349 nriscom

290 387 415 447 logiS,
442 402 574 449 quam
600 384 644 429 in
666 383 862 446 ipsorum
887 394 1113 428 auctorum
1135 384 1258 429 libris
1273 384 1424 444 graecis
1445 393 1530 430 tota
1548 395 1674 447 atque

293 466 489 504 contexta
515 454 678 500 discere
716 452 908 497 maluisii
937 470 947 496 z
984 462 1025 496 et
1051 452 1279 498 indoctum
1301 490 1312 510 ‚
1350 454 1426 516 qui
1454 470 1553 499 cuin
1585 464 1672 500 tam

295 527 428 574 multa
448 526 492 571 in
509 535 578 569 tua
594 524 742 582 lingua
765 521 945 577 nescias,
968 538 1116 567 earum
1135 539 1279 568 rerum
1307 523 1444 569 frusta
1473 524 1514 569 in
1533 523 1670 569 aliena

294 597 494 656 colligere
531 594 720 641 ambisti.
754 595 820 638 An
855 591 966 637 forte
1003 591 1111 637 illud
1156 593 1460 656 respondebis,
1506 611 1594 638 non
1635 605 1674 640 te

295 683 460 728 graecos
480 664 532 711 de
553 665 622 710 his
642 663 772 709 rebus
795 661 932 707 libros
949 663 1270 725 contempsisse,
1291 661 1363 707 sed
1379 663 1499 725 prius
1518 662 1676 708 latinos

291 754 462 783 curasse
489 750 775 794 cognoscere,
806 747 926 778 nunc
947 742 1091 777 autem
1120 731 1288 777 vellete
1322 732 1367 777 in
1390 732 1533 779 latinis
1564 733 1675 780 doc-

294 820 385 853 tum
404 845 414 863 ‚
438 811 527 866 jain
558 822 697 864 graeca
726 805 948 866 quaerere?
975 802 1018 847 Si
1054 802 1139 847 hoc
1168 820 1254 848 non
1288 801 1428 865 pudet
1451 802 1673 849 hominem

293 895 484 940 graecuin
504 877 636 922 latina
652 890 837 938 puerum
856 872 1076 929 didicisse,
1097 890 1214 918 nunc
1237 872 1342 919 velle
1356 872 1519 918 discere
1537 890 1676 933 graeca

294 950 554 1001 barbatum,
597 945 857 1009 pudebit-ne
891 943 1067 990 tandem
1100 945 1144 990 in
1179 944 1282 1007 ipsis
1306 943 1451 990 latinis
1480 944 1677 1004 ignorare

297 1021 467 1084 aliqua,
499 1036 598 1082 quae
633 1033 764 1081 quam
795 1015 921 1061 multi
958 1015 1080 1061 latini
1116 1016 1235 1061 docti
1270 1026 1414 1062 tecum
1450 1016 1674 1067 nesciant.

296 1091 362 1137 vel
384 1091 576 1152 liocipso
601 1088 744 1145 sentis,
765 1085 886 1150 quod
911 1096 949 1131 te
967 1086 1094 1132 nobis
1112 1104 1266 1145 magna
1291 1087 1541 1133 necessitate
1569 1087 1678 1133 dicis

296 1177 550 1213 onerosum„
571 1159 615 1204 in
640 1169 757 1204 tanta
776 1156 1009 1203 doctorum
1033 1156 1313 1203 multitudine
1335 1157 1455 1220 apud
1485 1158 1677 1204 Cartha-

295 1233 436 1293 ginem
459 1230 751 1276 constitutus?

360 1305 438 1350 xl.
466 1303 691 1347 Postremo
714 1300 783 1347 fac
808 1311 849 1346 te
882 1299 937 1346 de
960 1299 1165 1346 omnibus
1197 1317 1297 1363 quae
1325 1317 1347 1345 a
1370 1300 1496 1346 nobis
1520 1301 1678 1364 quaeris

295 1376 631 1434 interrogatum,
652 1371 910 1435 respondere
934 1371 1139 1434 potuisse.
1162 1372 1275 1416 Eece
1287 1374 1378 1430 jam
1402 1371 1678 1417 doctissimus

297 1458 425 1510 atque
442 1443 715 1490 acutissimus
738 1441 912 1497 diceris,
935 1445 1139 1501 ecce-jam
1164 1451 1204 1487 te
1220 1440 1426 1487 laudibus
1450 1443 1494 1487 in
1514 1442 1675 1488 coelum

293 1515 512 1577 graeculus
548 1514 677 1559 flatus
702 1512 887 1569 attollit,
918 1523 966 1557 tu
1000 1522 1169 1557 tantum
1205 1522 1422 1558 memento
1455 1513 1677 1572 gravitatis

295 1598 402 1643 tuae,
427 1596 469 1631 et
489 1584 609 1629 illam
635 1583 786 1628 mereri
801 1582 973 1628 laudem
991 1599 1079 1646 quo
1104 1583 1188 1627 fine
1205 1582 1388 1628 volueris
1409 1620 1420 1638 ,
1443 1594 1491 1629 ut
1515 1583 1677 1630 scilicet

296 1675 366 1703 eos
390 1656 540 1701 leviter
570 1653 681 1699 levia
713 1653 791 1699 ista
818 1653 1023 1708 miratos,
1055 1663 1096 1698 et
1122 1652 1525 1699 benevolentissime
1549 1665 1678 1719 atque

296 1726 540 1775 avidissime
561 1728 653 1784 jam
680 1724 725 1769 in
751 1735 825 1770 tua
861 1741 934 1770 ora
968 1740 1195 1787 suspensos
1217 1760 1227 1779 ‚
1267 1723 1569 1783 gravissimum
1596 1724 1677 1771 ali-

294 1798 404 1864 quid
441 1807 483 1842 et
517 1794 853 1841 saluberrimum
888 1794 1045 1839 doceas
1077 1811 1087 1838 :
1130 1793 1321 1856 idipsum
1364 1794 1582 1857 quidquid
1616 1806 1677 1841 est

293 1867 595 1930 gravissimum
612 1875 652 1910 et
669 1865 1025 1921 saluberrimum,
1049 1875 1199 1909 utrum
1220 1875 1378 1919 teneas,
1402 1875 1442 1910 et
1460 1875 1676 1912 rectetra-

295 1940 397 1986 dere
432 1936 631 1992 noveris,
667 1935 822 1982 vellem
862 1952 1134 1996 cognoscere.
1177 1934 1433 1982 Ridiculum
1470 1947 1532 1982 est
1561 1937 1675 1982 enim

295 2027 394 2057 cum
419 2017 652 2072 propterea
675 2006 897 2069 superflua
929 2004 1066 2050 multa
1097 2004 1298 2049 didiceris
1319 2041 1328 2059 ,
1364 2015 1411 2050 ut
1442 2005 1521 2051 tibi
1553 2022 1676 2052 aures

294 2080 525 2128 hominum
547 2076 601 2122 ad
626 2076 862 2122 necessaria
879 2085 1200 2140 praeparentur‚
1226 2075 1318 2138 ipsa
1333 2077 1570 2122 necessaria
1588 2093 1674 2122 non

296 2163 439 2198 tenere
456 2186 466 2201 ,
494 2147 656 2211 quibus
678 2147 941 2211 excipiendis
965 2164 1031 2192 eas
1051 2163 1128 2209 per
1151 2147 1370 2209 superflua
1393 2164 1675 2211 praeparave-

294 2224 376 2277 ris;
407 2231 450 2266 et
473 2219 577 2264 dum
613 2218 843 2281 occuparis
882 2228 930 2263 ut
957 2217 1097 2262 discas
1133 2217 1248 2262 unde
1281 2216 1413 2263 facias
1449 2218 1636 2263 intentos
1659 2254 1670 2274 ,

293 2292 408 2341 nolle
427 2291 590 2337 discere
612 2288 734 2351 quod
758 2287 1016 2334 infundatur
1035 2288 1223 2334 intentis.
1247 2287 1330 2333 Sed
1352 2288 1386 2333 si
1406 2288 1493 2334 hoc
1507 2299 1547 2335 te
1566 2288 1673 2334 scire

290 2369 382 2426 jam
409 2361 535 2417 dicis,
561 2360 696 2424 idque
722 2360 868 2422 ipsum
893 2359 1181 2405 christianam
1204 2358 1450 2405 doctrinam
1468 2376 1555 2405 esse
1578 2376 1669 2404 res-

292 2433 488 2500 pondes,
512 2448 643 2494 quam
666 2441 708 2476 te
740 2430 945 2477 omnibus
969 2447 1226 2493 praeponere
1253 2429 1468 2486 novimus,
1491 2440 1532 2474 et
1553 2430 1598 2475 in
1622 2447 1668 2475 ea

291 2505 380 2552 sola
403 2519 489 2549 esse
515 2518 776 2565 praesumere
800 2518 921 2564 spem
953 2500 1103 2546 salutis
1138 2511 1310 2546 zeternae
1331 2536 1341 2552 ‚
1368 2517 1455 2545 non
1474 2517 1585 2563 opus
1608 2510 1669 2545 est

288 2576 326 2621 ei
351 2571 597 2633 cognitione
616 2570 889 2630 dialogorum
913 2570 1154 2625 Ciceronis,
1176 2581 1216 2615 et
1242 2569 1496 2616 collectione
1516 2587 1667 2615 emen-

289 2645 532 2693 dicatarum
569 2640 916 2689 discordantium
953 2641 1262 2687 sententiarum
1300 2639 1536 2686 alienarum
1567 2657 1667 2704 pro-
