1902 3268
358 286 449 332 256
780 300 813 329 s.
860 299 1102 330 AUths'rlNl
1138 299 1340 329 EPISCOP1

359 367 537 413 vulnera
569 366 865 410 monstravisse
878 368 895 410 ἱ)
924 365 1009 409 Sed
1041 365 1075 409 si
1103 375 1281 427 propter
1303 364 1577 411 incredulum
1604 365 1732 422 feeit,

359 439 481 483 linxit
507 438 572 481 :si
609 446 748 480 autem
786 451 935 480 verum
966 435 1178 487 ostendit,
1215 452 1315 495 ergo
1349 436 1395 481 in
1427 438 1737 483 resurreetione

359 518 537 569 accepta
557 506 702 549 sutura
724 514 824 549 sunt
849 504 1045 550 vulnera.
1077 526 1097 545 »

426 578 508 623 ΙΙΙ.
540 575 714 632 Quibus
734 574 1037 638 respondetur,
1057 574 1257 621 ideonon
1275 577 1430 622 Lazari
1456 580 1736 626 resurrectio-

362 664 458 693 nem
479 684 489 703 ,
524 646 597 691 sed
634 646 780 708 potius
812 645 976 690 Christi
1006 662 1243 705 congruere
1268 646 1493 709 promissae
1519 665 1737 695 resurrec-

364 717 469 763 tioni
489 736 500 770 3
521 716 624 779 quia
650 717 835 761 Lazarus
855 716 914 761 ita
934 716 1189 772 resurrexit,
1219 726 1267 761 ut
1291 716 1448 762 iterum
1476 729 1736 776 moreretur,

364 809 384 829 «
410 787 612 833 Christus
651 797 791 832 autem
812 786 951 847 (sicut
983 786 1035 831 de
1067 786 1141 831 illo
1165 787 1487 849 scriptumest)
1520 805 1696 848 surgens
1717 807 1742 836 a

363 880 384 900 »
408 858 586 903 mortuis
604 894 614 913 ‚
638 861 730 917 jam
756 874 844 902 non
871 857 1079 913 moritur,
1108 867 1148 902 et
1186 874 1299 902 mors
1323 857 1385 902 illi
1406 858 1520 905 ultra
1543 876 1631 904 non
1665 859 1741 905 do-

363 949 385 971 »
410 926 690 973 minabitur'l.
717 950 736 968 »
760 926 891 982 Quod
913 927 1039 972 etiam
1064 928 1325 990 promissum
1354 938 1415 973 est
1441 930 1743 976 resurrecturis

364 1000 408 1044 in
428 999 513 1044 fine
530 997 702 1053 saeculi,
732 1008 772 1042 et
797 1014 898 1042 cum
914 997 1240 1057 illoregnaturis
1260 999 1305 1043 in
1321 1000 1546 1046 aeternuni.
1577 1000 1649 1046 Sic
1668 1017 1743 1047 au-

366 1080 448 1115 tem
474 1085 560 1113 non
582 1068 768 1131 pertinet
785 1067 836 1112 ad
864 1069 1219 1113 resurrectionem
1245 1068 1483 1114 differentia
1507 1070 1744 1117 nativitatis

364 1139 530 1184 Christi
548 1149 589 1183 et
606 1148 764 1183 nostroe
785 1175 794 1193 ‚
818 1137 938 1201 quod
961 1137 1031 1182 ille
1057 1138 1145 1183 sine
1161 1138 1276 1183 virili
1298 1139 1457 1183 semine
1471 1176 1481 1195 ‚
1502 1157 1578 1184 nos
1599 1151 1743 1186 autem

364 1226 410 1255 ex
428 1209 521 1255 viro
539 1220 581 1253 et
598 1208 779 1254 foemina
805 1208 934 1253 creati
961 1225 1131 1263 sumus,
1156 1208 1268 1253 sicut
1295 1209 1422 1253 etiam
1444 1225 1531 1254 non
1558 1210 1745 1272 pertinet

364 1280 418 1326 ad
442 1279 579 1342 ipsius
599 1279 750 1324 mortis
774 1277 1077 1324 differentiam.
1112 1279 1210 1322 Non
1231 1279 1345 1323 enim
1370 1289 1602 1342 propterea
1628 1279 1745 1325 illius

366 1368 452 1396 non
473 1366 573 1395 vera
594 1366 710 1395 mors
724 1348 830 1406 fuit,
852 1349 954 1412 quia
969 1352 1058 1394 sine
1076 1348 1189 1394 virili
1213 1349 1372 1395 semine
1389 1360 1513 1395 natus
1529 1360 1615 1405 est3
1632 1350 1746 1396 sicut

364 1438 442 1466 nec
466 1421 601 1483 ipsius
630 1420 761 1483 primi
792 1420 983 1465 hominis
1002 1419 1125 1464 aliter
1150 1430 1294 1464 exorta
1320 1437 1421 1465 caro
1449 1437 1580 1483 quam
1600 1431 1746 1466 nostra

365 1490 750 1555 (quandoquidem
772 1490 842 1535 ille
860 1490 949 1534 sine
976 1489 1232 1552 parentibus
1259 1490 1312 1534 de
1333 1500 1443 1535 terra
1470 1500 1637 1535 creatus
1662 1501 1741 1546 est,

364 1579 442 1607 nos
466 1578 567 1607 vero
589 1578 635 1606 ex
669 1561 954 1624 parentibus)
976 1559 1141 1622 aliquid
1183 1559 1327 1605 attulit
1366 1559 1419 1605 ad
1459 1560 1746 1606 differentiam

363 1632 539 1687 mortis,
555 1642 603 1676 ut
621 1632 743 1676 aliter
761 1631 832 1676 ille
852 1640 1109 1684 moreretur,
1129 1629 1252 1675 aliter
1271 1647 1360 1676 nos.
1389 1630 1513 1675 Sicut
1531 1641 1674 1676 autem
1692 1630 1747 1676 acl

365 1701 534 1757 mortis,
557 1701 617 1747 sie
639 1718 718 1747 nec
735 1700 787 1746 ad
803 1699 1126 1746 resurrectionis
1145 1699 1431 1745 differentiam
1449 1699 1561 1747 valet
1580 1700 1747 1748 diversa

365 1772 583 1819 nativitas,

429 1842 504 1888 IV.
533 1841 617 1887 Sed
643 1859 695 1887 ne
715 1841 802 1887 hoe
828 1841 998 1905 ipsum,
1025 1841 1146 1904 quod
1181 1842 1396 1905 seriptum
1429 1852 1492 1887 est
1525 1842 1578 1888 de
1601 1842 1746 1906 primo

363 1913 541 1960 homine
558 1949 568 1968 ‚
592 1912 788 1957 similiter
807 1911 1001 1957 infideles
1025 1911 1223 1958 homines
1241 1912 1382 1957 nolint
1402 1911 1574 1958 credere
1588 1949 1599 1968 ‚
1621 1928 1746 1975 quae-

363 1995 463 2030 rant
483 1983 548 2029 vel
570 1983 967 2028 animadvertantsi
991 1982 1054 2028 vel
1077 1983 1162 2028 hoc
1188 1993 1398 2046 possunt,
1424 2000 1556 2046 quam
1581 1982 1748 2027 multo-u

365 2071 461 2100 rum
480 2053 733 2098 animalium
755 2070 907 2112 genera
933 2053 1021 2097 sine
1041 2053 1297 2115 parentibus
1314 2070 1361 2097 ex
1380 2063 1490 2097 terra
1508 2070 1747 2116 procreen-

367 2136 457 2181 tur,
484 2140 584 2187 quae
612 2134 752 2168 tamen
781 2123 984 2169 coeundo
1011 2123 1185 2187 pariant
1213 2123 1341 2168 etiam
1368 2123 1460 2185 ipsa
1489 2124 1553 2168 sui
1581 2123 1744 2178 simile,

364 2213 445 2241 nec
474 2204 657 2258 propter
694 2194 986 2239 dinrsEtatem
1026 2195 1265 2239 nativitatis
1298 2193 1466 2238 intersit
1502 2193 1668 2257 aliquid
1693 2192 1748 2238 ad

367 2276 569 2311 naturam
587 2281 734 2309 eorum
758 2301 768 2319 ‚
796 2281 895 2327 quoe
924 2275 1149 2326 procreata
1174 2274 1275 2309 sunt
1299 2280 1344 2308 ex
1366 2273 1476 2309 terra
1493 2300 1503 2319 ,
1530 2274 1571 2309 et
1598 2280 1748 2310 eorum

364 2354 465 2401 quae
503 2336 586 2381 illis
613 2335 878 2380 coz³11n÷ibus
904 2346 996 2380 orta
1022 2345 1137 2382 sunt.
1178 2335 1389 2381 Similiter
1416 2334 1531 2379 enim
1567 2335 1744 2390 vivunt,

365 2407 645 2470 similiterque
673 2406 920 2451 moriuntur
933 2405 1132 2468 quamvis
1156 2403 1420 2449 dissimiliter
1436 2415 1537 2450 nata
1560 2405 1659 2452 sint.
1683 2406 1750 2450 Ita

363 2494 452 2522 non
476 2487 537 2523 est
560 2476 831 2532 absurdum,
862 2485 909 2521 ut
931 2475 1128 2521 similiter
1153 2486 1376 2535 resurgant
1401 2491 1588 2538 corpora
1606 2512 1617 2531 ‚
1647 2492 1749 2539 quae

359 2548 622 2596 dissimiliter
638 2557 729 2594 orta
749 2557 862 2594 sunt.
890 2546 1158 2607 Hujusmodi
1182 2558 1326 2594 autem
1345 2546 1542 2593 homines
1565 2563 1652 2592 non
1675 2563 1749 2593 va-

410 2633 419 2656 ¹
440 2635 539 2664 Rom.
560 2641 604 2669 vl,
628 2644 660 2672 9.
