1902 3268
701 257 913 291 Errsroza
946 259 1017 291 cv.
1461 248 1555 313 307

183 325 273 375 hoc
296 326 388 374 Deo
407 324 539 372 dicite
556 360 569 378 ,
599 339 730 388 quem
755 324 958 370 timemus
982 323 1219 372 minantem
1251 327 1375 375 malis
1401 341 1554 393 pasto-

181 397 306 446 ribus
322 432 334 454 ,
373 407 417 443 et
440 396 655 443 dicentem
672 432 685 453 ,
712 416 734 439 «
752 395 886 453 Quod
905 406 1139 453 erraverat,
1167 414 1256 444 non
1289 403 1521 447 revocastis
1539 437 1552 458 ,

184 487 206 509 ι)
225 476 268 513 et
289 466 410 531 quod
429 467 614 531 perierat
632 503 644 524 ‚
670 483 759 513 non
778 466 1059 531 inquisistis1.
1080 490 1100 510 »
1121 468 1218 515 Hoc
1237 469 1364 516 vobis
1381 488 1460 535 per
1478 489 1557 518 nos

183 536 302 584 Deus
336 536 428 602 ipse
455 537 589 595 facit,
629 537 719 585 sive
753 538 1022 585 obsecrando
1044 575 1056 595 ‚
1090 539 1177 586 sive
1201 540 1409 588 minando
1426 579 1439 599 ‚
1467 543 1556 591 sive

183 607 461 672 corripiendo
477 646 488 667 ,
513 608 600 656 sive
619 607 818 666 damnis,
843 608 931 655 sive
958 608 1187 655 laboribus
1205 646 1218 666 ‚
1245 610 1333 658 sive
1359 629 1438 676 per
1461 629 1561 660 suas

184 678 379 725 occultas
397 678 713 724 admonitiones
737 678 804 726 vel
821 677 1084 724 visitationes
1099 715 1111 735 ,
1137 679 1225 726 sive
1252 697 1328 742 per
1357 692 1559 745 potesta-

184 757 279 794 tum
292 749 600 813 temporalium
616 748 740 809 leges.
761 748 993 809 Intelligite
1005 748 1114 812 quid
1133 749 1363 796 vobiscum
1385 762 1558 812 agatur,

183 819 327 882 perire
348 836 423 868 vos
446 837 535 866 non
559 819 652 867 vult
669 822 787 865 Deus
810 819 857 865 in
880 819 1085 880 sacrilega
1109 819 1330 867 discordia
1355 822 1563 870 alienatos

186 906 209 935 a
227 900 366 936 matre
388 901 527 938 vestra
544 888 793 936 Catholica.
818 889 943 936 Nihil
962 890 1008 935 in
1024 907 1100 936 nos
1118 889 1354 954 aliquando
1373 893 1563 956 probare

183 960 388 1023 potuistis
407 981 420 1015 ;
455 960 589 1007 vestri
627 960 825 1023 episcopi
861 961 1065 1007 conventi
1088 978 1112 1007 a
1133 961 1260 1008 nobis
1280 998 1292 1019 ‚
1332 979 1561 1028 nunquam

183 1029 416 1076 nobiscum
446 1030 630 1094 pacifice
665 1028 860 1076 conferre
892 1029 1156 1089 voluerunt,
1192 1031 1317 1095 quasi
1350 1032 1564 1094 fugientes

186 1116 287 1146 cum
327 1100 638 1165 peccatoribus
675 1099 813 1164 loqui.
852 1100 961 1156 Quis
993 1100 1105 1148 ferat
1125 1101 1249 1148 istam
1275 1104 1562 1167 superbiam,

185 1170 311 1235 quasi
333 1171 499 1219 Paulus
522 1170 742 1235 apostolus
764 1188 854 1216 non
876 1172 1112 1219 contulerit
1139 1190 1241 1220 cum
1257 1176 1568 1237 peccatoribus

184 1252 226 1288 et
261 1258 364 1288 cum
389 1242 517 1290 valde
551 1240 805 1301 sacrilegis?
839 1240 966 1302 legite
997 1244 1132 1289 Actus
1156 1244 1469 1306 Apostolorum
1485 1283 1499 1303 ,
1525 1257 1568 1293 et

185 1311 345 1360 videte.
375 1312 512 1368 Quasi
542 1313 636 1374 ipse
660 1310 875 1357 Dominus
896 1329 986 1358 non
1010 1329 1112 1359 cum
1135 1318 1157 1360 J
1165 1313 1324 1371 udaeiS,
1351 1332 1376 1361 a
1403 1315 1568 1379 quibus

187 1382 419 1428 crucifixus
449 1393 537 1440 est,
561 1397 777 1427 sermones
805 1381 859 1427 de
880 1383 994 1442 Lege
1022 1382 1259 1441 habuerit,
1289 1384 1435 1448 eisque
1453 1403 1568 1432 con-

187 1462 391 1513 gruenter
409 1451 712 1516 responderit?
731 1452 958 1499 Postremo
977 1452 1180 1499 diabolus
1197 1465 1261 1500 est
1279 1455 1448 1518 primus
1464 1472 1567 1503 om-

187 1523 311 1568 nium
337 1532 647 1586 peccatorum,
673 1521 752 1585 qui
786 1522 980 1568 converti
1007 1522 1062 1569 ad
1092 1524 1308 1584 justitiam
1338 1542 1568 1590 nunquam

187 1593 373 1656 poterit,
409 1602 452 1639 et
482 1603 625 1639 tamen
644 1609 725 1638 nec
744 1592 837 1656 ipse
864 1593 1078 1640 Dominus
1099 1593 1153 1640 de
1174 1599 1287 1655 Lege
1309 1595 1570 1657 dedignatus

189 1672 252 1707 est
283 1662 322 1709 ei
355 1662 616 1726 respondere
647 1681 659 1706 ι
690 1672 740 1708 ut
775 1662 1025 1723 intelligatis
1060 1664 1163 1710 istos
1193 1665 1293 1711 ideo
1328 1667 1562 1715 nobiscum

189 1731 304 1778 nolle
323 1732 534 1791 conferre,
560 1733 663 1796 quia
685 1748 860 1778 causam
886 1749 1007 1778 suam
1032 1733 1250 1797 perditam
1276 1747 1453 1785 norunt.

256 1803 376 1851 XIV.
406 1804 495 1850 Nos
516 1801 792 1864 ignoramus,
820 1801 930 1866 quid
948 1802 1149 1850 adversus
1171 1822 1213 1850 se
1234 1805 1351 1870 ipsos
1369 1807 1569 1856 homines

184 1875 353 1932 jactent
372 1909 384 1930 ‚
434 1873 512 1936 qui
552 1872 826 1919 calumniosis
879 1871 1220 1922 dissentionibus
1260 1877 1465 1937 gaudent.
1517 1880 1570 1927 In

192 1943 433 2007 Scripturis
468 1943 676 1990 discimus
714 1943 942 1989 Christum
965 1980 978 2000 ,
1015 1944 1061 1990 in
1096 1945 1335 2011 Scripturis
1362 1949 1572 1997 discimus

191 2013 446 2062 Ecclesiam.
470 2015 560 2060 Has
577 2015 827 2077 Scripturas
848 2015 1140 2062 communiter
1160 2017 1378 2066 habemus
1393 2056 1405 2076 ‚
1432 2038 1571 2085 quare

191 2101 280 2130 non
297 2085 345 2131 in
366 2085 427 2130 eis
443 2095 486 2130 et
507 2085 734 2130 Christum
757 2095 800 2130 et
825 2084 1063 2131 Ecclesiam
1091 2088 1383 2135 communiter
1405 2091 1570 2138 retine-

192 2158 325 2200 mus?
353 2155 442 2200 Nos
467 2155 546 2200 ubi
583 2155 838 2214 agnovimus
864 2171 964 2200 eum
983 2154 1037 2201 de
1054 2172 1146 2219 quo
1172 2156 1280 2204 dicit
1298 2160 1535 2222 Apostolus
1551 2198 1567 2219 ,

193 2245 215 2268 ε(
237 2226 429 2273 Abrahae
453 2225 585 2272 dictae
620 2236 722 2271 sunt
755 2225 1060 2289 promissiones
1092 2237 1134 2272 et
1164 2228 1316 2274 semini
1338 2234 1453 2291 ejus;
1477 2247 1569 2278 non

194 2316 216 2339 >2
235 2295 369 2354 dicit,
396 2297 452 2343 Et
476 2295 714 2341 seminibus
728 2332 740 2352 ,
767 2306 975 2360 tanquam
995 2296 1041 2342 in
1058 2295 1206 2342 multis
1223 2335 1236 2354 ,
1262 2298 1337 2345 sed
1357 2311 1570 2365 tanquam

194 2387 217 2409 >2
239 2366 287 2413 in
305 2383 392 2413 uno
407 2402 419 2424 ,
449 2367 506 2412 Et
530 2365 680 2411 semini
699 2375 803 2422 tue,
827 2365 947 2429 quod
971 2376 1034 2411 est
1051 2366 1285 2414 Christus2
1305 2389 1318 2424 ;
1340 2391 1362 2413 >›
1385 2371 1464 2418 ubi
1488 2389 1569 2434 ag·-

193 2437 397 2485 novimus
418 2433 657 2482 Ecclesiam
676 2470 689 2491 ‚
725 2434 780 2481 de
816 2452 903 2499 qua
925 2435 1037 2481 dicit
1070 2438 1185 2502 Deus
1222 2438 1278 2485 ad
1305 2441 1533 2489 Abraham
1550 2480 1563 2501 ,

195 2527 217 2550 α
239 2507 294 2554 In
311 2506 470 2554 semine
486 2516 562 2552 tuo
578 2504 894 2552 benedicentur
912 2522 1058 2552 omnes
1076 2517 1223 2567 gentes
1238 2509 1271 2556 ³.
1286 2531 1307 2554 »
1327 2510 1417 2560 Ubi
1438 2530 1570 2576 agno·

244 2590 257 2616 Ι
271 2590 388 2628 Ezech.
403 2600 513 2630 ωιν,
531 2596 564 2629 4.
575 2605 621 2616 -
637 2587 654 2614 ²
666 2588 774 2626 Galat.
794 2600 851 2633 m,
872 2590 927 2626 ιθ.
944 2605 991 2617 -
1007 2586 1022 2615 ³
1039 2590 1124 2625 Gen.
1143 2601 1207 2635 κη,
1228 2593 1258 2627 3.

1330 2661 1406 2696 20.
