1902 3268
368 266 456 314 138
771 283 804 311 s.
849 279 1093 312 Aneusrmr
1130 282 1334 312 Episcom

359 358 545 412 propter
570 347 784 409 Optatum
805 384 815 401 ‚
839 364 939 392 eum
959 364 1059 393 eum
1076 347 1235 410 pellere
1258 365 1347 393 non
1369 347 1594 394 audebatis
1610 385 1620 403 ,
1651 365 1748 412 par-

362 429 448 465 tem
471 418 629 464 Donati
658 435 744 463 non
773 417 1021 480 reliquistis,

428 492 506 536 IX.
538 489 722 534 Atenim
744 488 888 533 dicitis
911 506 921 532 ε
945 509 965 529 ε(
987 490 1135 544 Quare
1155 507 1232 536 nos
1253 490 1433 550 adjungi
1453 490 1578 538 vobis
1595 490 1746 546 vultis,

362 560 396 606 si
421 559 615 605 scelerati
636 561 816 604 sumus?
841 558 947 622 quia
974 558 1119 604 vivitis
1146 559 1296 606 adhuc
1323 571 1365 606 et
1390 561 1550 620 corrigi
1574 561 1751 623 potestis

363 630 398 675 si
421 629 573 676 velitis,
600 630 716 675 Cum
738 628 852 674 0111111
879 628 1007 674 nohis
1028 630 1379 690 conjungimini,
1406 630 1494 676 1100
1519 641 1582 676 est
1604 631 1751 677 Eccle-

364 699 438 746 siae
462 699 568 755 Dei,
587 698 837 745 haereditati
861 699 1054 755 Christi,
1078 703 1203 759 cujus
1226 701 1436 763 possessio
1456 711 1555 747 sunt
1580 701 1751 750 termini

364 781 494 817 terrae
514 808 524 827 ‚
544 788 620 817 vos
636 770 909 830 corrigimini
929 781 976 816 ut
997 770 1041 816 in
1060 770 1206 817 radice
1220 772 1388 819 vivatis.
1411 774 1475 819 De
1488 771 1618 818 ramis
1638 772 1752 817 enim

364 842 515 889 fractis
537 842 598 887 sic
628 841 688 886 ait
710 841 946 905 Apostolus
973 859 982 886 z
1014 862 1034 882 «
1057 843 1216 888 Potens
1239 854 1302 889 est
1323 843 1436 889 enim
1458 845 1573 889 Deus
1595 843 1752 891 iterum

366 915 591 960 »inserere
625 912 766 961 illos1.
792 935 812 956 >2
841 913 927 959 Vos
952 931 1052 974 ergo
1075 915 1307 961 mutamini
1340 932 1386 961 ex
1411 932 1459 961 ea
1486 926 1611 979 parte
1628 952 1641 972 ,
1668 930 1754 978 qua

365 984 684 1031 dissentiebatis
706 1002 716 1029 :
739 985 941 1047 quamvis
956 997 1223 1032 sacramenta
1237 1023 1248 1042 ‚
1267 985 1609 1050 quaehabebatis
1624 1023 1635 1042 ,
1653 1001 1753 1035 curn

363 1055 512 1102 eadem
537 1055 682 1102 sintin
704 1056 936 1112 omnihus,
962 1067 1112 1102 sancta
1139 1057 1239 1103 sint.
1263 1057 1547 1121 Quapropter
1560 1073 1634 1105 vos
1650 1072 1750 1102 mu-

367 1127 448 1173 tari
481 1126 685 1173 volumus
713 1145 734 1171 a
762 1127 1072 1190 perversitate,
1098 1128 1141 1178 id
1178 1139 1266 1188 est,
1293 1138 1341 1173 ut
1369 1128 1513 1178 denuo
1534 1127 1756 1177 radicetur

366 1208 506 1245 vestra
532 1197 750 1260 praecisio,
780 1199 890 1243 Nam
919 1210 1185 1245 sacramenta
1209 1216 1309 1263 quae
1335 1216 1422 1244 non
1450 1200 1674 1254 mutastis,
1694 1198 1756 1243 si-

366 1280 444 1315 cut
463 1268 635 1314 hahetis
652 1306 661 1323 ,
688 1269 995 1331 approbantur
1019 1287 1041 1314 a
1065 1270 1219 1323 nohis;
1242 1287 1293 1316 ne
1315 1271 1425 1315 forte
1452 1286 1553 1315 cum
1570 1279 1755 1315 vestram

366 1340 629 1405 pravitatem
671 1340 885 1401 corrigere
922 1341 1157 1397 volumus,
1185 1339 1270 1391 illis
1311 1340 1525 1405 mysteriis
1560 1339 1752 1394 Christi,

366 1428 469 1474 quae
492 1410 537 1456 in
558 1421 699 1457 vestri
723 1428 792 1474 pi
783 1411 939 1461 witam
966 1411 1128 1475 (ltprav
1135 1422 1201 1461 ata
1223 1429 1310 1462 non
1345 1422 1471 1466 sunt,
1507 1429 1538 1456 s
1530 1411 1754 1470 ieiilegani

367 1479 580 1526 faciimus
620 1480 841 1540 injuriam.
889 1481 1038 1545 Neque
1073 1483 1188 1531 0111111
1222 1494 1265 1531 et
1304 1483 1409 1532 Saul
1445 1481 1758 1545 depravaverat

371 1551 624 1598 unctionem
652 1568 786 1614 quam
817 1563 1068 1615 acceperat;
1094 1553 1166 1605 cui
1195 1555 1392 1603 unctioni
1416 1564 1586 1601 tantum
1606 1553 1754 1599 hono-

370 1639 461 1668 rem
481 1639 551 1669 rex
575 1622 717 1670 David
740 1623 840 1686 pius
867 1623 947 1669 Dei
972 1641 1119 1673 servus
1147 1624 1361 1675 exhibuit.
1396 1627 1633 1687 Propterea
1657 1639 1757 1683 ergo

371 1710 447 1744 vos
470 1711 558 1739 non
576 1693 900 1757 rebaptizamus
919 1732 929 1750 ‚
952 1695 1056 1758 quia
1071 1695 1262 1742 radicem
1285 1696 1406 1743 vohis
1426 1695 1606 1744 reddere
1625 1694 1758 1759 cupi-

371 1781 490 1820 mus,
508 1764 696 1814 formam
719 1776 863 1813 tamen
882 1766 1054 1830 praecisi
1078 1767 1311 1817 sarmenti,
1331 1767 1364 1815 si
1386 1784 1474 1815 non
1495 1776 1659 1814 mutata
1675 1775 1754 1820 est,

372 1835 687 1899 approbamus.
715 1837 828 1892 Quae
856 1847 1001 1887 tamen
1026 1838 1230 1900 quamvis,
1251 1838 1442 1898 integra,
1469 1837 1591 1885 1111110
1625 1835 1758 1885 modo

372 1917 434 1954 est
457 1906 547 1954 sine
570 1906 716 1954 radice
738 1907 978 1956 fructuosa.
1005 1909 1100 1957 Alia
1125 1909 1310 1972 quaestio
1329 1920 1391 1956 est
1417 1909 1471 1957 cle
1490 1908 1755 1973 persecutio-

371 1978 503 2024 nibus
518 2014 529 2033 ,
555 1994 663 2040 quas
686 1995 760 2026 vos
789 1978 934 2029 elicitis
949 1979 1041 2042 pati
1064 1979 1109 2028 in
1138 1990 1255 2028 tanta
1278 1981 1617 2028 mansuetudine
1631 1990 1672 2024 et
1691 1979 1759 2025 le·-

372 2050 508 2097 nitate
534 2058 806 2105 nostrorum,
849 2066 952 2099 curn
985 2067 1083 2100 vere
1118 2050 1270 2099 illicite
1307 2069 1360 2098 ae
1394 2050 1600 2114 privatim
1629 2050 1760 2096 vestri

373 2119 539 2167 faciant
560 2120 759 2179 graviora
783 2137 794 2167 z
819 2120 901 2170 alia
928 2120 981 2169 de
1000 2121 1267 2185 baptismate
1283 2160 1295 2178 ‚
1321 2122 1444 2186 quod
1476 2139 1566 2168 non
1593 2121 1757 2185 quaeri-

371 2206 468 2236 mus
485 2189 564 2236 ubi
587 2189 641 2238 sit
662 2228 670 2242 1
699 2190 772 2238 sed
792 2191 870 2240 ubi
896 2192 1050 2255 prosit„
1073 2194 1187 2241 Nam
1212 2194 1483 2257 ubicumque
1503 2203 1590 2250 est,
1614 2194 1759 2256 ipsum

370 2270 456 2317 est3
475 2259 548 2306 sed
571 2277 662 2305 non
684 2261 814 2307 etiam
829 2261 901 2308 ille
919 2298 932 2314 ,
960 2263 1038 2325 qui
1057 2263 1143 2310 hoc
1169 2264 1360 2328 accipit,
1387 2264 1657 2328 ubicumque
1675 2273 1755 2319 est,

368 2331 463 2394 ipse
479 2341 556 2378 est.
589 2331 744 2395 Itaque
766 2332 984 2396 privatam
1010 2333 1245 2383 hominum
1272 2334 1541 2398 impietatem
1567 2333 1759 2379 detesta-

370 2417 472 2448 mur
492 2401 539 2447 in
562 2401 825 2458 schismate,
853 2403 1127 2467 baptismum
1159 2422 1261 2454 vero
1293 2407 1326 2450 ξ’
1335 2405 1461 2452 bristi
1486 2404 1651 2468 ubique
1680 2420 1758 2451 ve*

367 2488 573 2518 neramur
602 2489 614 2517 2
645 2473 750 2536 quia
787 2473 823 2520 si
858 2473 1097 2527 desertores
1135 2492 1282 2527 seeum
1317 2477 1600 2541 Imperatoris
1631 2475 1757 2536 signa

368 2541 632 2599 t‚raducant
659 2540 743 2590 illis
770 2545 839 2591 vel
863 2544 1146 2594 damnatione
1169 2547 1363 2613 punitis,
1396 2546 1464 2594 vel
1484 2544 1757 2606 indulgentia

418 2624 429 2648 ¹
448 2628 543 2658 Rom.
563 2636 611 2670 xi,
634 2629 691 2658 23.
