<?xml version="1.0" encoding="UTF-8"?>
<!DOCTYPE html PUBLIC "-//W3C//DTD XHTML 1.0 Transitional//EN"
    "http://www.w3.org/TR/xhtml1/DTD/xhtml1-transitional.dtd">
<html xmlns="http://www.w3.org/1999/xhtml" xml:lang="en" lang="en">
 <head>
  <title>
</title>
<meta http-equiv="Content-Type" content="text/html;charset=utf-8" />
  <meta name='ocr-system' content='tesseract 3.04.00' />
  <meta name='ocr-capabilities' content='ocr_page ocr_carea ocr_par ocr_line ocrx_word'/>
</head>
<body>
  <div class='ocr_page' id='page_1' title='image "./operaomniaaccura39auguuoft/operaomniaaccura39auguuoft_0180.png"; bbox 0 0 1902 3268; ppageno 0'>
   <div class='ocr_carea' id='block_1_1' title="bbox 372 294 1356 343">
    <p class='ocr_par' dir='ltr' id='par_1_1' title="bbox 372 294 1356 343">
     <span class='ocr_line' id='line_1_1' title="bbox 372 294 1356 343; baseline 0.003 -18"><span class='ocrx_word' id='word_1_1' title='bbox 372 294 460 343; x_wconf 84' lang='lat'>170</span> <span class='ocrx_word' id='word_1_2' title='bbox 793 295 826 325; x_wconf 90' lang='lat' dir='ltr'>S.</span> <span class='ocrx_word' id='word_1_3' title='bbox 871 294 1114 327; x_wconf 84' lang='lat' dir='ltr'><strong>AUGUSTINI</strong></span> <span class='ocrx_word' id='word_1_4' title='bbox 1150 297 1356 328; x_wconf 83' lang='lat' dir='ltr'>EPISCOPI</span> 
     </span>
    </p>
   </div>
   <div class='ocr_carea' id='block_1_2' title="bbox 349 361 1750 2537">
    <p class='ocr_par' dir='ltr' id='par_1_2' title="bbox 353 361 1750 1400">
     <span class='ocr_line' id='line_1_2' title="bbox 366 361 1747 426; baseline 0.002 -18"><span class='ocrx_word' id='word_1_5' title='bbox 366 361 627 418; x_wconf 74' lang='lat' dir='ltr'><strong>detrahent,</strong></span> <span class='ocrx_word' id='word_1_6' title='bbox 657 362 802 408; x_wconf 87' lang='lat' dir='ltr'>sinon</span> <span class='ocrx_word' id='word_1_7' title='bbox 837 377 961 423; x_wconf 85' lang='lat' dir='ltr'>posse</span> <span class='ocrx_word' id='word_1_8' title='bbox 984 363 1311 426; x_wconf 83' lang='lat' dir='ltr'><strong>responderint,</strong></span> <span class='ocrx_word' id='word_1_9' title='bbox 1344 383 1396 410; x_wconf 90' lang='lat' dir='ltr'>an</span> <span class='ocrx_word' id='word_1_10' title='bbox 1428 365 1514 411; x_wconf 86' lang='lat' dir='ltr'>hoe</span> <span class='ocrx_word' id='word_1_11' title='bbox 1549 366 1747 413; x_wconf 89' lang='lat' dir='ltr'>futurum</span> 
     </span>
     <span class='ocr_line' id='line_1_3' title="bbox 362 433 1750 497; baseline 0.001 -17"><span class='ocrx_word' id='word_1_12' title='bbox 362 433 632 487; x_wconf 82' lang='lat' dir='ltr'>fatebuntur,</span> <span class='ocrx_word' id='word_1_13' title='bbox 655 433 689 477; x_wconf 89' lang='lat' dir='ltr'>si</span> <span class='ocrx_word' id='word_1_14' title='bbox 714 448 837 494; x_wconf 87' lang='lat' dir='ltr'>posse</span> <span class='ocrx_word' id='word_1_15' title='bbox 865 434 1184 480; x_wconf 63' lang='lat' dir='ltr'>concesserint?</span> <span class='ocrx_word' id='word_1_16' title='bbox 1201 435 1438 491; x_wconf 85' lang='lat' dir='ltr'>Quomodo</span> <span class='ocrx_word' id='word_1_17' title='bbox 1462 453 1564 497; x_wconf 86' lang='lat' dir='ltr'>ergo</span> <span class='ocrx_word' id='word_1_18' title='bbox 1584 437 1750 484; x_wconf 76' lang='lat' dir='ltr'>exirent</span> 
     </span>
     <span class='ocr_line' id='line_1_4' title="bbox 364 502 1748 565; baseline 0.004 -16"><span class='ocrx_word' id='word_1_19' title='bbox 364 502 419 549; x_wconf 88' lang='lat' dir='ltr'>de</span> <span class='ocrx_word' id='word_1_20' title='bbox 441 503 528 549; x_wconf 88' lang='lat' dir='ltr'>hoc</span> <span class='ocrx_word' id='word_1_21' title='bbox 549 503 703 565; x_wconf 86' lang='lat' dir='ltr'>laqueo</span> <span class='ocrx_word' id='word_1_22' title='bbox 725 502 884 556; x_wconf 76' lang='lat' dir='ltr'>alieno,</span> <span class='ocrx_word' id='word_1_23' title='bbox 914 502 976 547; x_wconf 87' lang='lat' dir='ltr'>sic</span> <span class='ocrx_word' id='word_1_24' title='bbox 996 515 1145 549; x_wconf 78' lang='lat' dir='ltr'>exeant</span> <span class='ocrx_word' id='word_1_25' title='bbox 1162 504 1215 550; x_wconf 86' lang='lat' dir='ltr'>de</span> <span class='ocrx_word' id='word_1_26' title='bbox 1233 522 1323 554; x_wconf 90' lang='lat' dir='ltr'>suo.</span> <span class='ocrx_word' id='word_1_27' title='bbox 1353 507 1523 553; x_wconf 84' lang='lat' dir='ltr'>Deinde</span> <span class='ocrx_word' id='word_1_28' title='bbox 1548 525 1629 554; x_wconf 87' lang='lat' dir='ltr'>cur</span> <span class='ocrx_word' id='word_1_29' title='bbox 1649 507 1748 554; x_wconf 85' lang='lat' dir='ltr'>solis</span> 
     </span>
     <span class='ocr_line' id='line_1_5' title="bbox 365 572 1748 637; baseline 0.004 -17"><span class='ocrx_word' id='word_1_30' title='bbox 365 574 502 620; x_wconf 88' lang='lat' dir='ltr'>oeulis</span> <span class='ocrx_word' id='word_1_31' title='bbox 519 573 738 637; x_wconf 87' lang='lat' dir='ltr'>corporeis</span> <span class='ocrx_word' id='word_1_32' title='bbox 754 572 919 618; x_wconf 83' lang='lat' dir='ltr'>Christi</span> <span class='ocrx_word' id='word_1_33' title='bbox 936 609 947 629; x_wconf 80' lang='grc'>,</span> <span class='ocrx_word' id='word_1_34' title='bbox 969 573 1056 619; x_wconf 85' lang='lat' dir='ltr'>hoc</span> <span class='ocrx_word' id='word_1_35' title='bbox 1075 573 1239 620; x_wconf 90' lang='lat' dir='ltr'>donum</span> <span class='ocrx_word' id='word_1_36' title='bbox 1256 578 1522 624; x_wconf 84' lang='lat' dir='ltr'>attributum</span> <span class='ocrx_word' id='word_1_37' title='bbox 1539 595 1625 624; x_wconf 83' lang='lat' dir='ltr'>esse</span> <span class='ocrx_word' id='word_1_38' title='bbox 1644 595 1748 624; x_wconf 84' lang='lat' dir='ltr'>con-</span> 
     </span>
     <span class='ocr_line' id='line_1_6' title="bbox 365 643 1749 705; baseline 0.004 -15"><span class='ocrx_word' id='word_1_39' title='bbox 365 643 572 701; x_wconf 83' lang='lat' dir='ltr'>tendunt,</span> <span class='ocrx_word' id='word_1_40' title='bbox 611 661 698 690; x_wconf 87' lang='lat' dir='ltr'>non</span> <span class='ocrx_word' id='word_1_41' title='bbox 735 644 863 690; x_wconf 85' lang='lat' dir='ltr'>etiam</span> <span class='ocrx_word' id='word_1_42' title='bbox 901 644 1068 690; x_wconf 66' lang='lat' dir='ltr'>caeteris</span> <span class='ocrx_word' id='word_1_43' title='bbox 1105 645 1329 692; x_wconf 65' lang='lat' dir='ltr'>sensibus?</span> <span class='ocrx_word' id='word_1_44' title='bbox 1369 648 1510 694; x_wconf 89' lang='lat' dir='ltr'>Sonus</span> <span class='ocrx_word' id='word_1_45' title='bbox 1544 665 1645 705; x_wconf 85' lang='lat' dir='ltr'>ergo</span> <span class='ocrx_word' id='word_1_46' title='bbox 1668 649 1749 695; x_wconf 88' lang='lat' dir='ltr'>erit</span> 
     </span>
     <span class='ocr_line' id='line_1_7' title="bbox 366 715 1750 779; baseline 0.003 -18"><span class='ocrx_word' id='word_1_47' title='bbox 366 716 483 761; x_wconf 90' lang='lat' dir='ltr'>Deus</span> <span class='ocrx_word' id='word_1_48' title='bbox 500 752 511 771; x_wconf 85' lang='lat'><strong>,</strong></span> <span class='ocrx_word' id='word_1_49' title='bbox 536 725 585 761; x_wconf 92' lang='lat' dir='ltr'>ut</span> <span class='ocrx_word' id='word_1_50' title='bbox 604 715 740 778; x_wconf 84' lang='lat' dir='ltr'>possit</span> <span class='ocrx_word' id='word_1_51' title='bbox 759 715 887 760; x_wconf 87' lang='lat' dir='ltr'>etiam</span> <span class='ocrx_word' id='word_1_52' title='bbox 909 715 1087 763; x_wconf 83' lang='lat' dir='ltr'>auribus</span> <span class='ocrx_word' id='word_1_53' title='bbox 1104 716 1298 779; x_wconf 74' lang='lat' dir='ltr'>percipi?</span> <span class='ocrx_word' id='word_1_54' title='bbox 1318 719 1373 763; x_wconf 82' lang='lat' dir='ltr'>Et</span> <span class='ocrx_word' id='word_1_55' title='bbox 1393 718 1555 765; x_wconf 82' lang='lat' dir='ltr'>halitus</span> <span class='ocrx_word' id='word_1_56' title='bbox 1567 720 1648 766; x_wconf 91' lang='lat' dir='ltr'>erit</span> <span class='ocrx_word' id='word_1_57' title='bbox 1665 755 1677 773; x_wconf 87' lang='lat'><strong>,</strong></span> <span class='ocrx_word' id='word_1_58' title='bbox 1699 730 1750 765; x_wconf 89' lang='lat' dir='ltr'>ut</span> 
     </span>
     <span class='ocr_line' id='line_1_8' title="bbox 365 786 1748 853; baseline 0.002 -20"><span class='ocrx_word' id='word_1_59' title='bbox 365 786 511 833; x_wconf 86' lang='lat' dir='ltr'>sentiri</span> <span class='ocrx_word' id='word_1_60' title='bbox 539 787 674 850; x_wconf 79' lang='lat' dir='ltr'>possit</span> <span class='ocrx_word' id='word_1_61' title='bbox 695 786 888 833; x_wconf 69' lang='lat' dir='ltr'>olfactu?</span> <span class='ocrx_word' id='word_1_62' title='bbox 916 788 970 832; x_wconf 81' lang='lat' dir='ltr'>Et</span> <span class='ocrx_word' id='word_1_63' title='bbox 995 786 1142 850; x_wconf 80' lang='lat' dir='ltr'>liquor</span> <span class='ocrx_word' id='word_1_64' title='bbox 1167 787 1323 851; x_wconf 82' lang='lat' dir='ltr'>aliquis</span> <span class='ocrx_word' id='word_1_65' title='bbox 1348 789 1455 846; x_wconf 86' lang='lat' dir='ltr'>erit,</span> <span class='ocrx_word' id='word_1_66' title='bbox 1483 801 1532 836; x_wconf 90' lang='lat' dir='ltr'>nt</span> <span class='ocrx_word' id='word_1_67' title='bbox 1549 790 1684 853; x_wconf 80' lang='lat' dir='ltr'>possit</span> <span class='ocrx_word' id='word_1_68' title='bbox 1706 801 1748 837; x_wconf 91' lang='lat' dir='ltr'>et</span> 
     </span>
     <span class='ocr_line' id='line_1_9' title="bbox 366 857 1740 924; baseline 0.002 -20"><span class='ocrx_word' id='word_1_69' title='bbox 366 858 497 904; x_wconf 60' lang='lat' dir='ltr'>bibi?</span> <span class='ocrx_word' id='word_1_70' title='bbox 521 859 575 903; x_wconf 90' lang='lat' dir='ltr'>Et</span> <span class='ocrx_word' id='word_1_71' title='bbox 605 858 737 903; x_wconf 81' lang='lat' dir='ltr'>moles</span> <span class='ocrx_word' id='word_1_72' title='bbox 763 857 865 914; x_wconf 79' lang='lat' dir='ltr'>erit,</span> <span class='ocrx_word' id='word_1_73' title='bbox 892 868 939 902; x_wconf 90' lang='lat' dir='ltr'>ut</span> <span class='ocrx_word' id='word_1_74' title='bbox 965 858 1101 920; x_wconf 81' lang='lat' dir='ltr'>possit</span> <span class='ocrx_word' id='word_1_75' title='bbox 1118 869 1160 903; x_wconf 87' lang='lat' dir='ltr'>et</span> <span class='ocrx_word' id='word_1_76' title='bbox 1185 859 1333 919; x_wconf 65' lang='lat' dir='ltr'>tangi?</span> <span class='ocrx_word' id='word_1_77' title='bbox 1366 861 1490 916; x_wconf 81' lang='lat' dir='ltr'>Non,</span> <span class='ocrx_word' id='word_1_78' title='bbox 1520 861 1740 924; x_wconf 87' lang='lat' dir='ltr'>inquiunt.</span> 
     </span>
     <span class='ocr_line' id='line_1_10' title="bbox 368 927 1748 994; baseline 0.004 -21"><span class='ocrx_word' id='word_1_79' title='bbox 368 927 625 989; x_wconf 69' lang='lat' dir='ltr'>Quidergo&#39;?</span> <span class='ocrx_word' id='word_1_80' title='bbox 642 931 706 974; x_wconf 88' lang='lat' dir='ltr'>An</span> <span class='ocrx_word' id='word_1_81' title='bbox 724 928 833 973; x_wconf 79' lang='lat' dir='ltr'>illud</span> <span class='ocrx_word' id='word_1_82' title='bbox 854 938 996 990; x_wconf 86' lang='lat' dir='ltr'>potest</span> <span class='ocrx_word' id='word_1_83' title='bbox 1015 930 1125 974; x_wconf 79' lang='lat' dir='ltr'>Deus</span> <span class='ocrx_word' id='word_1_84' title='bbox 1141 966 1150 980; x_wconf 82' lang='lat'>,</span> <span class='ocrx_word' id='word_1_85' title='bbox 1163 929 1302 975; x_wconf 86' lang='lat' dir='ltr'>ethoe</span> <span class='ocrx_word' id='word_1_86' title='bbox 1312 947 1397 976; x_wconf 89' lang='lat' dir='ltr'>non</span> <span class='ocrx_word' id='word_1_87' title='bbox 1412 931 1643 994; x_wconf 69' lang='lat' dir='ltr'>potest&#39;PSi</span> <span class='ocrx_word' id='word_1_88' title='bbox 1660 948 1748 978; x_wconf 87' lang='lat' dir='ltr'>non</span> 
     </span>
     <span class='ocr_line' id='line_1_11' title="bbox 364 1000 1748 1066; baseline 0.004 -22"><span class='ocrx_word' id='word_1_89' title='bbox 364 1016 487 1063; x_wconf 87' lang='lat' dir='ltr'>posse</span> <span class='ocrx_word' id='word_1_90' title='bbox 505 1000 716 1055; x_wconf 80' lang='lat' dir='ltr'>dixerint,</span> <span class='ocrx_word' id='word_1_91' title='bbox 741 1017 817 1045; x_wconf 84' lang='lat' dir='ltr'>eur</span> <span class='ocrx_word' id='word_1_92' title='bbox 838 1000 1048 1059; x_wconf 78' lang='lat' dir='ltr'>derogant</span> <span class='ocrx_word' id='word_1_93' title='bbox 1072 1001 1402 1064; x_wconf 82' lang='lat' dir='ltr'>omnipotentiae</span> <span class='ocrx_word' id='word_1_94' title='bbox 1425 1002 1535 1048; x_wconf 63' lang='lat' dir='ltr'>Dei?</span> <span class='ocrx_word' id='word_1_95' title='bbox 1557 1003 1602 1048; x_wconf 87' lang='lat' dir='ltr'>Si</span> <span class='ocrx_word' id='word_1_96' title='bbox 1622 1020 1748 1066; x_wconf 89' lang='lat' dir='ltr'>posse</span> 
     </span>
     <span class='ocr_line' id='line_1_12' title="bbox 358 1070 1746 1134; baseline 0.003 -19"><span class='ocrx_word' id='word_1_97' title='bbox 358 1081 402 1116; x_wconf 89' lang='lat' dir='ltr'>et</span> <span class='ocrx_word' id='word_1_98' title='bbox 426 1071 540 1116; x_wconf 89' lang='lat' dir='ltr'>nolle</span> <span class='ocrx_word' id='word_1_99' title='bbox 571 1070 899 1134; x_wconf 81' lang='lat' dir='ltr'>responderint,</span> <span class='ocrx_word' id='word_1_100' title='bbox 935 1087 1013 1115; x_wconf 82' lang='lat' dir='ltr'>cur</span> <span class='ocrx_word' id='word_1_101' title='bbox 1047 1070 1146 1116; x_wconf 87' lang='lat' dir='ltr'>solis</span> <span class='ocrx_word' id='word_1_102' title='bbox 1181 1071 1319 1117; x_wconf 80' lang='lat' dir='ltr'>oeulis</span> <span class='ocrx_word' id='word_1_103' title='bbox 1353 1071 1521 1128; x_wconf 71' lang='lat' dir='ltr'>favent,</span> <span class='ocrx_word' id='word_1_104' title='bbox 1548 1072 1746 1120; x_wconf 82' lang='lat' dir='ltr'>invident</span> 
     </span>
     <span class='ocr_line' id='line_1_13' title="bbox 365 1140 1746 1207; baseline 0.001 -20"><span class='ocrx_word' id='word_1_105' title='bbox 365 1152 507 1187; x_wconf 85' lang='lat' dir='ltr'>autem</span> <span class='ocrx_word' id='word_1_106' title='bbox 534 1142 701 1187; x_wconf 70' lang='lat' dir='ltr'>caeteris</span> <span class='ocrx_word' id='word_1_107' title='bbox 736 1141 930 1186; x_wconf 85' lang='lat' dir='ltr'>sensibus</span> <span class='ocrx_word' id='word_1_108' title='bbox 961 1140 1159 1203; x_wconf 76' lang='lat' dir='ltr'>eorporis</span> <span class='ocrx_word' id='word_1_109' title='bbox 1191 1142 1384 1188; x_wconf 58' lang='lat' dir='ltr'>(Lhristi‘z)</span> <span class='ocrx_word' id='word_1_110' title='bbox 1422 1145 1487 1188; x_wconf 87' lang='lat' dir='ltr'>An</span> <span class='ocrx_word' id='word_1_111' title='bbox 1520 1159 1746 1207; x_wconf 85' lang='lat' dir='ltr'>quousque</span> 
     </span>
     <span class='ocr_line' id='line_1_14' title="bbox 357 1211 1744 1275; baseline 0.001 -17"><span class='ocrx_word' id='word_1_112' title='bbox 357 1212 538 1268; x_wconf 88' lang='lat' dir='ltr'>volunt,</span> <span class='ocrx_word' id='word_1_113' title='bbox 571 1212 824 1275; x_wconf 67' lang='lat' dir='ltr'>desipiunt?</span> <span class='ocrx_word' id='word_1_114' title='bbox 847 1211 1023 1267; x_wconf 74' lang='lat' dir='ltr'>Quanto</span> <span class='ocrx_word' id='word_1_115' title='bbox 1049 1227 1124 1256; x_wconf 88' lang='lat' dir='ltr'>nos</span> <span class='ocrx_word' id='word_1_116' title='bbox 1158 1211 1337 1265; x_wconf 83' lang='lat' dir='ltr'>melius,</span> <span class='ocrx_word' id='word_1_117' title='bbox 1366 1213 1442 1275; x_wconf 85' lang='lat' dir='ltr'>qui</span> <span class='ocrx_word' id='word_1_118' title='bbox 1477 1229 1566 1258; x_wconf 89' lang='lat' dir='ltr'>non</span> <span class='ocrx_word' id='word_1_119' title='bbox 1592 1230 1744 1260; x_wconf 88' lang='lat' dir='ltr'>eorum</span> 
     </span>
     <span class='ocr_line' id='line_1_15' title="bbox 353 1281 1740 1347; baseline 0.003 -20"><span class='ocrx_word' id='word_1_120' title='bbox 353 1281 613 1346; x_wconf 68' lang='lat' dir='ltr'>insipientiae</span> <span class='ocrx_word' id='word_1_121' title='bbox 645 1283 847 1328; x_wconf 85' lang='lat' dir='ltr'>terminos</span> <span class='ocrx_word' id='word_1_122' title='bbox 872 1283 1070 1342; x_wconf 68' lang='lat' dir='ltr'>figimus,</span> <span class='ocrx_word' id='word_1_123' title='bbox 1101 1282 1174 1328; x_wconf 87' lang='lat' dir='ltr'>sed</span> <span class='ocrx_word' id='word_1_124' title='bbox 1210 1293 1257 1328; x_wconf 86' lang='lat' dir='ltr'>ut</span> <span class='ocrx_word' id='word_1_125' title='bbox 1282 1282 1499 1347; x_wconf 79' lang='lat' dir='ltr'>desipiant</span> <span class='ocrx_word' id='word_1_126' title='bbox 1531 1301 1740 1347; x_wconf 74' lang='lat' dir='ltr'>prorsuS,</span> 
     </span>
     <span class='ocr_line' id='line_1_16' title="bbox 363 1353 591 1400; baseline 0.009 -2"><span class='ocrx_word' id='word_1_127' title='bbox 363 1353 591 1400; x_wconf 72' lang='lat' dir='ltr'>nolumus?</span> 
     </span>
    </p>

    <p class='ocr_par' dir='ltr' id='par_1_3' title="bbox 349 1424 1744 2537">
     <span class='ocr_line' id='line_1_17' title="bbox 425 1424 1744 1488; baseline 0.001 -17"><span class='ocrx_word' id='word_1_128' title='bbox 425 1426 501 1472; x_wconf 91' lang='lat' dir='ltr'>VI.</span> <span class='ocrx_word' id='word_1_129' title='bbox 536 1426 675 1471; x_wconf 84' lang='lat' dir='ltr'>Multa</span> <span class='ocrx_word' id='word_1_130' title='bbox 698 1425 883 1488; x_wconf 82' lang='lat' dir='ltr'>proferri</span> <span class='ocrx_word' id='word_1_131' title='bbox 905 1435 1086 1488; x_wconf 86' lang='lat' dir='ltr'>possunt</span> <span class='ocrx_word' id='word_1_132' title='bbox 1113 1424 1165 1470; x_wconf 88' lang='lat' dir='ltr'>ad</span> <span class='ocrx_word' id='word_1_133' title='bbox 1186 1425 1311 1470; x_wconf 78' lang='lat' dir='ltr'>istam</span> <span class='ocrx_word' id='word_1_134' title='bbox 1337 1424 1600 1471; x_wconf 81' lang='lat' dir='ltr'>dementiam</span> <span class='ocrx_word' id='word_1_135' title='bbox 1622 1426 1744 1472; x_wconf 85' lang='lat' dir='ltr'>refu-</span> 
     </span>
     <span class='ocr_line' id='line_1_18' title="bbox 358 1496 1743 1560; baseline -0.001 -17"><span class='ocrx_word' id='word_1_136' title='bbox 358 1496 550 1543; x_wconf 80' lang='lat' dir='ltr'>tandam.</span> <span class='ocrx_word' id='word_1_137' title='bbox 594 1496 681 1543; x_wconf 87' lang='lat' dir='ltr'>Sed</span> <span class='ocrx_word' id='word_1_138' title='bbox 716 1496 751 1542; x_wconf 88' lang='lat' dir='ltr'>si</span> <span class='ocrx_word' id='word_1_139' title='bbox 777 1496 1011 1560; x_wconf 84' lang='lat' dir='ltr'>aliquando</span> <span class='ocrx_word' id='word_1_140' title='bbox 1036 1496 1242 1541; x_wconf 81' lang='lat' dir='ltr'>irruerint</span> <span class='ocrx_word' id='word_1_141' title='bbox 1276 1496 1457 1541; x_wconf 82' lang='lat' dir='ltr'>auribus</span> <span class='ocrx_word' id='word_1_142' title='bbox 1494 1496 1607 1553; x_wconf 84' lang='lat' dir='ltr'>tuis,</span> <span class='ocrx_word' id='word_1_143' title='bbox 1646 1496 1743 1541; x_wconf 78' lang='lat' dir='ltr'>haec</span> 
     </span>
     <span class='ocr_line' id='line_1_19' title="bbox 355 1566 1743 1630; baseline -0.001 -17"><span class='ocrx_word' id='word_1_144' title='bbox 355 1568 530 1613; x_wconf 81' lang='lat' dir='ltr'>interim</span> <span class='ocrx_word' id='word_1_145' title='bbox 551 1568 608 1613; x_wconf 89' lang='lat' dir='ltr'>eis</span> <span class='ocrx_word' id='word_1_146' title='bbox 633 1568 725 1627; x_wconf 75' lang='lat' dir='ltr'>lege</span> <span class='ocrx_word' id='word_1_147' title='bbox 744 1605 754 1617; x_wconf 82' lang='grc'>,</span> <span class='ocrx_word' id='word_1_148' title='bbox 776 1578 817 1613; x_wconf 89' lang='lat' dir='ltr'>et</span> <span class='ocrx_word' id='word_1_149' title='bbox 841 1567 948 1630; x_wconf 85' lang='lat' dir='ltr'>quid</span> <span class='ocrx_word' id='word_1_150' title='bbox 975 1566 1265 1630; x_wconf 78' lang='lat' dir='ltr'>respondeant</span> <span class='ocrx_word' id='word_1_151' title='bbox 1284 1584 1372 1612; x_wconf 90' lang='lat' dir='ltr'>non</span> <span class='ocrx_word' id='word_1_152' title='bbox 1399 1567 1545 1630; x_wconf 76' lang='lat' dir='ltr'>pigeat</span> <span class='ocrx_word' id='word_1_153' title='bbox 1576 1577 1614 1612; x_wconf 92' lang='lat' dir='ltr'>te</span> <span class='ocrx_word' id='word_1_154' title='bbox 1649 1584 1743 1613; x_wconf 85' lang='lat' dir='ltr'>res-</span> 
     </span>
     <span class='ocr_line' id='line_1_20' title="bbox 354 1637 1742 1702; baseline 0 -18"><span class='ocrx_word' id='word_1_155' title='bbox 354 1639 521 1685; x_wconf 84' lang='lat' dir='ltr'>cribere</span> <span class='ocrx_word' id='word_1_156' title='bbox 551 1650 599 1684; x_wconf 89' lang='lat' dir='ltr'>ut</span> <span class='ocrx_word' id='word_1_157' title='bbox 627 1650 767 1702; x_wconf 78' lang='lat' dir='ltr'>potes,</span> <span class='ocrx_word' id='word_1_158' title='bbox 810 1639 874 1684; x_wconf 78' lang='lat' dir='ltr'>Ad</span> <span class='ocrx_word' id='word_1_159' title='bbox 908 1639 997 1685; x_wconf 86' lang='lat' dir='ltr'>hoe</span> <span class='ocrx_word' id='word_1_160' title='bbox 1023 1638 1138 1684; x_wconf 84' lang='lat' dir='ltr'>enim</span> <span class='ocrx_word' id='word_1_161' title='bbox 1165 1637 1250 1683; x_wconf 83' lang='lat' dir='ltr'>fide</span> <span class='ocrx_word' id='word_1_162' title='bbox 1274 1638 1408 1684; x_wconf 84' lang='lat' dir='ltr'>corda</span> <span class='ocrx_word' id='word_1_163' title='bbox 1430 1649 1577 1684; x_wconf 81' lang='lat' dir='ltr'>nostra</span> <span class='ocrx_word' id='word_1_164' title='bbox 1603 1655 1742 1684; x_wconf 89' lang='lat' dir='ltr'>mun-</span> 
     </span>
     <span class='ocr_line' id='line_1_21' title="bbox 354 1709 1735 1774; baseline 0.001 -19"><span class='ocrx_word' id='word_1_165' title='bbox 354 1709 543 1765; x_wconf 75' lang='lat' dir='ltr'>dantur,</span> <span class='ocrx_word' id='word_1_166' title='bbox 571 1710 676 1774; x_wconf 80' lang='lat' dir='ltr'>qnia</span> <span class='ocrx_word' id='word_1_167' title='bbox 714 1710 840 1755; x_wconf 89' lang='lat' dir='ltr'>nobis</span> <span class='ocrx_word' id='word_1_168' title='bbox 880 1709 981 1755; x_wconf 71' lang='lat' dir='ltr'>fidei</span> <span class='ocrx_word' id='word_1_169' title='bbox 1022 1726 1182 1754; x_wconf 82' lang='lat' dir='ltr'>merces</span> <span class='ocrx_word' id='word_1_170' title='bbox 1207 1710 1314 1754; x_wconf 82' lang='lat' dir='ltr'>visio</span> <span class='ocrx_word' id='word_1_171' title='bbox 1343 1709 1418 1754; x_wconf 90' lang='lat' dir='ltr'>Dei</span> <span class='ocrx_word' id='word_1_172' title='bbox 1442 1709 1735 1771; x_wconf 83' lang='lat' dir='ltr'>promittitur.</span> 
     </span>
     <span class='ocr_line' id='line_1_22' title="bbox 357 1778 1742 1843; baseline 0 -17"><span class='ocrx_word' id='word_1_173' title='bbox 357 1781 471 1837; x_wconf 74' lang='lat' dir='ltr'>Quae</span> <span class='ocrx_word' id='word_1_174' title='bbox 502 1781 535 1826; x_wconf 89' lang='lat' dir='ltr'>si</span> <span class='ocrx_word' id='word_1_175' title='bbox 567 1798 645 1843; x_wconf 84' lang='lat' dir='ltr'>per</span> <span class='ocrx_word' id='word_1_176' title='bbox 671 1782 865 1843; x_wconf 83' lang='lat' dir='ltr'>corporis</span> <span class='ocrx_word' id='word_1_177' title='bbox 898 1780 1048 1825; x_wconf 59' lang='lat' dir='ltr'>oculos</span> <span class='ocrx_word' id='word_1_178' title='bbox 1081 1779 1188 1833; x_wconf 81' lang='lat' dir='ltr'>erit,</span> <span class='ocrx_word' id='word_1_179' title='bbox 1213 1778 1373 1826; x_wconf 82' lang='lat' dir='ltr'>frustra</span> <span class='ocrx_word' id='word_1_180' title='bbox 1399 1779 1451 1825; x_wconf 84' lang='lat' dir='ltr'>ad</span> <span class='ocrx_word' id='word_1_181' title='bbox 1477 1797 1570 1825; x_wconf 86' lang='lat' dir='ltr'>eam</span> <span class='ocrx_word' id='word_1_182' title='bbox 1594 1780 1742 1843; x_wconf 82' lang='lat' dir='ltr'>perci-</span> 
     </span>
     <span class='ocr_line' id='line_1_23' title="bbox 354 1851 1743 1914; baseline 0 -18"><span class='ocrx_word' id='word_1_183' title='bbox 354 1851 560 1914; x_wconf 84' lang='lat' dir='ltr'>piendam</span> <span class='ocrx_word' id='word_1_184' title='bbox 600 1855 861 1897; x_wconf 83' lang='lat' dir='ltr'>Sanctorum</span> <span class='ocrx_word' id='word_1_185' title='bbox 903 1851 1073 1897; x_wconf 86' lang='lat' dir='ltr'>animus</span> <span class='ocrx_word' id='word_1_186' title='bbox 1109 1862 1363 1897; x_wconf 84' lang='lat' dir='ltr'>exercetur:</span> <span class='ocrx_word' id='word_1_187' title='bbox 1393 1851 1480 1896; x_wconf 87' lang='lat' dir='ltr'>imo</span> <span class='ocrx_word' id='word_1_188' title='bbox 1518 1868 1619 1896; x_wconf 85' lang='lat' dir='ltr'>vero</span> <span class='ocrx_word' id='word_1_189' title='bbox 1655 1861 1743 1896; x_wconf 88' lang='lat' dir='ltr'>tam</span> 
     </span>
     <span class='ocr_line' id='line_1_24' title="bbox 355 1920 1741 1984; baseline -0.001 -17"><span class='ocrx_word' id='word_1_190' title='bbox 355 1939 552 1984; x_wconf 86' lang='lat' dir='ltr'>perverse</span> <span class='ocrx_word' id='word_1_191' title='bbox 572 1922 757 1968; x_wconf 84' lang='lat' dir='ltr'>sentiens</span> <span class='ocrx_word' id='word_1_192' title='bbox 777 1922 946 1967; x_wconf 85' lang='lat' dir='ltr'>animus</span> <span class='ocrx_word' id='word_1_193' title='bbox 970 1938 1054 1965; x_wconf 90' lang='lat' dir='ltr'>non</span> <span class='ocrx_word' id='word_1_194' title='bbox 1080 1922 1121 1965; x_wconf 87' lang='lat' dir='ltr'>in</span> <span class='ocrx_word' id='word_1_195' title='bbox 1147 1938 1190 1966; x_wconf 90' lang='lat' dir='ltr'>se</span> <span class='ocrx_word' id='word_1_196' title='bbox 1214 1931 1448 1974; x_wconf 85' lang='lat' dir='ltr'>exercetur,</span> <span class='ocrx_word' id='word_1_197' title='bbox 1470 1920 1543 1966; x_wconf 88' lang='lat' dir='ltr'>sed</span> <span class='ocrx_word' id='word_1_198' title='bbox 1565 1931 1679 1967; x_wconf 87' lang='lat' dir='ltr'>totus</span> <span class='ocrx_word' id='word_1_199' title='bbox 1697 1921 1741 1966; x_wconf 91' lang='lat' dir='ltr'>in</span> 
     </span>
     <span class='ocr_line' id='line_1_25' title="bbox 357 1990 1743 2047; baseline -0.001 -10"><span class='ocrx_word' id='word_1_200' title='bbox 357 2009 486 2038; x_wconf 86' lang='lat' dir='ltr'>earne</span> <span class='ocrx_word' id='word_1_201' title='bbox 503 2003 577 2039; x_wconf 89' lang='lat' dir='ltr'>est.</span> <span class='ocrx_word' id='word_1_202' title='bbox 598 1992 686 2037; x_wconf 77' lang='lat' dir='ltr'>Ubi</span> <span class='ocrx_word' id='word_1_203' title='bbox 703 1992 817 2037; x_wconf 86' lang='lat' dir='ltr'>enim</span> <span class='ocrx_word' id='word_1_204' title='bbox 837 1990 1027 2036; x_wconf 79' lang='lat' dir='ltr'>tenacius</span> <span class='ocrx_word' id='word_1_205' title='bbox 1044 1991 1269 2036; x_wconf 80' lang='lat' dir='ltr'>habitabit</span> <span class='ocrx_word' id='word_1_206' title='bbox 1286 2002 1328 2036; x_wconf 90' lang='lat' dir='ltr'>et</span> <span class='ocrx_word' id='word_1_207' title='bbox 1349 1991 1473 2036; x_wconf 74' lang='lat' dir='ltr'>fixius</span> <span class='ocrx_word' id='word_1_208' title='bbox 1493 2028 1503 2047; x_wconf 88' lang='lat'><strong>‚</strong></span> <span class='ocrx_word' id='word_1_209' title='bbox 1526 1991 1606 2037; x_wconf 87' lang='lat' dir='ltr'>nisi</span> <span class='ocrx_word' id='word_1_210' title='bbox 1627 1990 1743 2036; x_wconf 88' lang='lat' dir='ltr'>unde</span> 
     </span>
     <span class='ocr_line' id='line_1_26' title="bbox 356 2061 1741 2125; baseline -0.001 -17"><span class='ocrx_word' id='word_1_211' title='bbox 356 2079 397 2108; x_wconf 88' lang='lat' dir='ltr'>se</span> <span class='ocrx_word' id='word_1_212' title='bbox 426 2064 566 2108; x_wconf 88' lang='lat' dir='ltr'>Deum</span> <span class='ocrx_word' id='word_1_213' title='bbox 591 2062 784 2108; x_wconf 81' lang='lat' dir='ltr'>visurum</span> <span class='ocrx_word' id='word_1_214' title='bbox 811 2078 896 2107; x_wconf 89' lang='lat' dir='ltr'>esse</span> <span class='ocrx_word' id='word_1_215' title='bbox 926 2061 1184 2124; x_wconf 69' lang='lat' dir='ltr'>praesumit?</span> <span class='ocrx_word' id='word_1_216' title='bbox 1208 2062 1339 2119; x_wconf 79' lang='lat' dir='ltr'>Quod</span> <span class='ocrx_word' id='word_1_217' title='bbox 1374 2072 1490 2108; x_wconf 75' lang='lat' dir='ltr'>certe</span> <span class='ocrx_word' id='word_1_218' title='bbox 1523 2073 1741 2125; x_wconf 84' lang='lat' dir='ltr'>quantum</span> 
     </span>
     <span class='ocr_line' id='line_1_27' title="bbox 358 2132 1741 2196; baseline -0.002 -16"><span class='ocrx_word' id='word_1_219' title='bbox 358 2135 521 2180; x_wconf 80' lang='lat' dir='ltr'>malum</span> <span class='ocrx_word' id='word_1_220' title='bbox 542 2135 622 2190; x_wconf 82' lang='lat' dir='ltr'>sit,</span> <span class='ocrx_word' id='word_1_221' title='bbox 646 2133 942 2193; x_wconf 82' lang='lat' dir='ltr'>intelligentiae</span> <span class='ocrx_word' id='word_1_222' title='bbox 964 2133 1110 2196; x_wconf 85' lang='lat' dir='ltr'>potius</span> <span class='ocrx_word' id='word_1_223' title='bbox 1138 2132 1312 2179; x_wconf 86' lang='lat' dir='ltr'>dimitto</span> <span class='ocrx_word' id='word_1_224' title='bbox 1331 2145 1441 2187; x_wconf 76' lang='lat' dir='ltr'>tuae,</span> <span class='ocrx_word' id='word_1_225' title='bbox 1457 2150 1596 2196; x_wconf 64' lang='lat' dir='ltr'>‚quam</span> <span class='ocrx_word' id='word_1_226' title='bbox 1614 2133 1741 2192; x_wconf 84' lang='lat' dir='ltr'>longo</span> 
     </span>
     <span class='ocr_line' id='line_1_28' title="bbox 356 2204 1742 2268; baseline -0.002 -17"><span class='ocrx_word' id='word_1_227' title='bbox 356 2222 551 2251; x_wconf 84' lang='lat' dir='ltr'>sermone</span> <span class='ocrx_word' id='word_1_228' title='bbox 575 2205 731 2250; x_wconf 84' lang='lat' dir='ltr'>molior</span> <span class='ocrx_word' id='word_1_229' title='bbox 748 2204 974 2268; x_wconf 76' lang='lat' dir='ltr'>explicare.</span> <span class='ocrx_word' id='word_1_230' title='bbox 1004 2205 1052 2248; x_wconf 72' lang='lat' dir='ltr'>in</span> <span class='ocrx_word' id='word_1_231' title='bbox 1078 2204 1349 2266; x_wconf 81' lang='lat' dir='ltr'>protectione</span> <span class='ocrx_word' id='word_1_232' title='bbox 1374 2204 1553 2249; x_wconf 84' lang='lat' dir='ltr'>Domini</span> <span class='ocrx_word' id='word_1_233' title='bbox 1573 2220 1742 2266; x_wconf 79' lang='lat' dir='ltr'>semper</span> 
     </span>
     <span class='ocr_line' id='line_1_29' title="bbox 355 2274 1742 2338; baseline -0.002 -16"><span class='ocrx_word' id='word_1_234' title='bbox 355 2277 529 2322; x_wconf 83' lang='lat' dir='ltr'>habitet</span> <span class='ocrx_word' id='word_1_235' title='bbox 547 2294 622 2322; x_wconf 84' lang='lat' dir='ltr'>cor</span> <span class='ocrx_word' id='word_1_236' title='bbox 648 2287 786 2323; x_wconf 84' lang='lat' dir='ltr'>tuum..</span> <span class='ocrx_word' id='word_1_237' title='bbox 825 2276 1008 2320; x_wconf 70' lang='lat' dir='ltr'>Domina</span> <span class='ocrx_word' id='word_1_238' title='bbox 1040 2275 1191 2321; x_wconf 74' lang='lat' dir='ltr'>eximia</span> <span class='ocrx_word' id='word_1_239' title='bbox 1214 2286 1255 2320; x_wconf 90' lang='lat' dir='ltr'>et</span> <span class='ocrx_word' id='word_1_240' title='bbox 1285 2276 1436 2321; x_wconf 84' lang='lat' dir='ltr'>merito</span> <span class='ocrx_word' id='word_1_241' title='bbox 1471 2274 1742 2338; x_wconf 63' lang='lat' dir='ltr'>praestantis-</span> 
     </span>
     <span class='ocr_line' id='line_1_30' title="bbox 355 2346 1740 2410; baseline -0.001 -18"><span class='ocrx_word' id='word_1_242' title='bbox 355 2348 461 2392; x_wconf 80' lang='lat' dir='ltr'>sima</span> <span class='ocrx_word' id='word_1_243' title='bbox 478 2385 488 2402; x_wconf 83' lang='lat'>‚</span> <span class='ocrx_word' id='word_1_244' title='bbox 521 2358 649 2410; x_wconf 81' lang='lat' dir='ltr'>atque</span> <span class='ocrx_word' id='word_1_245' title='bbox 678 2347 841 2392; x_wconf 79' lang='lat' dir='ltr'>Christi</span> <span class='ocrx_word' id='word_1_246' title='bbox 858 2346 1082 2391; x_wconf 64' lang='lat' dir='ltr'>‘charitate</span> <span class='ocrx_word' id='word_1_247' title='bbox 1108 2346 1367 2392; x_wconf 82' lang='lat' dir='ltr'>honoranda</span> <span class='ocrx_word' id='word_1_248' title='bbox 1389 2346 1508 2392; x_wconf 70' lang='lat' dir='ltr'>filia?</span> <span class='ocrx_word' id='word_1_249' title='bbox 1533 2346 1740 2391; x_wconf 80' lang='lat' dir='ltr'>Honora-</span> 
     </span>
     <span class='ocr_line' id='line_1_31' title="bbox 350 2415 1741 2482; baseline 0 -19"><span class='ocrx_word' id='word_1_250' title='bbox 350 2418 458 2464; x_wconf 89' lang='lat' dir='ltr'>biles</span> <span class='ocrx_word' id='word_1_251' title='bbox 484 2429 628 2464; x_wconf 79' lang='lat' dir='ltr'>tecum</span> <span class='ocrx_word' id='word_1_252' title='bbox 653 2419 865 2482; x_wconf 79' lang='lat' dir='ltr'>nobisque</span> <span class='ocrx_word' id='word_1_253' title='bbox 886 2418 927 2462; x_wconf 89' lang='lat' dir='ltr'>in</span> <span class='ocrx_word' id='word_1_254' title='bbox 966 2417 1154 2463; x_wconf 80' lang='lat' dir='ltr'>Domino</span> <span class='ocrx_word' id='word_1_255' title='bbox 1179 2417 1481 2465; x_wconf 76' lang='lat' dir='ltr'>dilectissimos</span> <span class='ocrx_word' id='word_1_256' title='bbox 1511 2415 1625 2464; x_wconf 86' lang='lat' dir='ltr'>filios</span> <span class='ocrx_word' id='word_1_257' title='bbox 1647 2428 1741 2463; x_wconf 90' lang='lat' dir='ltr'>tuos</span> 
     </span>
     <span class='ocr_line' id='line_1_32' title="bbox 349 2488 1246 2537; baseline 0.001 -2"><span class='ocrx_word' id='word_1_258' title='bbox 349 2488 499 2535; x_wconf 88' lang='lat' dir='ltr'>debito</span> <span class='ocrx_word' id='word_1_259' title='bbox 525 2491 688 2536; x_wconf 86' lang='lat' dir='ltr'>meritis</span> <span class='ocrx_word' id='word_1_260' title='bbox 703 2490 854 2537; x_wconf 75' lang='lat' dir='ltr'>vestris</span> <span class='ocrx_word' id='word_1_261' title='bbox 874 2488 1017 2535; x_wconf 77' lang='lat' dir='ltr'>officio</span> <span class='ocrx_word' id='word_1_262' title='bbox 1047 2488 1246 2536; x_wconf 80' lang='lat' dir='ltr'>resaluta.</span> 
     </span>
    </p>
   </div>
  </div>
 </body>
</html>
