1902 3268
363 265 454 310 312
774 282 806 308 s.
853 277 1093 310 Accusrlxi
1131 278 1333 309 EPJSCOPI

361 343 577 389 mandatis
597 345 699 408 quia
715 343 921 390 occidetis
938 360 1015 388 nos
1028 380 1038 398 ‚
1060 344 1136 407 qui
1151 344 1375 389 veritatem
1394 343 1517 389 vobis
1535 343 1738 403 dicimus,

362 425 403 460 et
428 415 471 460 in
497 432 642 460 errore
670 432 744 461 vos
759 414 901 477 perire
918 425 1132 476 quantum
1158 431 1387 477 possumus
1413 432 1500 461 non
1519 417 1742 479 permitti·

362 502 471 531 mus.
492 485 694 530 Vindicet
721 502 797 530 nos
817 485 932 529 Deus
955 483 1008 529 de
1033 485 1184 539 vobis,
1208 495 1258 530 ut
1273 486 1415 549 ipsum
1438 504 1623 534 errorem
1645 505 1743 534 ves-

362 566 475 600 trum
499 553 545 599 in
564 554 689 600 vobis
713 553 908 609 occidat,
930 565 970 600 et
984 554 1216 601 nobiscum
1233 554 1288 600 de
1305 555 1485 601 veritate
1503 556 1738 616 gaudeatis.

366 626 516 671 Amen.

393 794 489 805 2122*
498 793 613 805 ιιςςιι
622 792 989 805 ιςκιψὶἏ-ἱῆιὶηιιιςιὶ
998 794 1741 809 ιυιςψῆκιπψκΜἋὶαωςςΜαἋιἋιςαῑτα

835 912 1101 955 EPISTOLA
1136 912 1225 954 CVI
1243 913 1272 954 ¹.

567 1036 740 1074 Domino
760 1037 874 1074 fratri
891 1035 1038 1074 dilecto
1055 1037 1264 1076 Micnomo
1284 1039 1543 1077 Ancusmns.

362 1166 644 1223 Augustinus
656 1165 885 1209 Macrobio
898 1165 1167 1207 Donatianae
1182 1167 1325 1221 partis
1341 1167 1461 1223 apud
1476 1165 1746 1223 Hipponem,

423 1235 490 1277 αιὶ
509 1250 563 1276 ex
589 1234 715 1291 epist.
755 1235 849 1276 108.
879 1233 1149 1290 intelligitur
1172 1234 1392 1290 episeopo,
1418 1248 1552 1290 agens
1573 1249 1626 1276 ne
1648 1233 1751 1276 sub-

423 1303 665 1344 diaconum
685 1302 923 1358 quemdam
947 1300 1201 1357 rebaptizet.

434 1454 601 1498 Aufflw
629 1450 749 1514 quod
765 1450 1000 1514 quemdam
1026 1450 1349 1497 subdiaconum
1368 1462 1566 1498 nostrum
1584 1452 1752 1515 rebap-

365 1523 494 1568 tizare
516 1521 726 1584 disponis.
753 1520 882 1566 Noli:
901 1519 962 1565 sic
979 1522 1070 1566 Deo
1094 1519 1216 1566 vivas
1235 1557 1245 1575 ‚
1273 1520 1334 1566 sic
1360 1521 1453 1566 Deo
1471 1519 1667 1584 placeas,
1691 1521 1753 1567 sic

368 1592 532 1638 Christi
557 1600 826 1637 sacramenta
851 1607 940 1636 non
962 1590 1148 1636 inaniter
1160 1590 1324 1635 habeas
1342 1627 1353 1646 ,
1376 1590 1437 1636 sic
1452 1608 1542 1636 non
1569 1591 1614 1636 in
1631 1601 1754 1637 aeter·

366 1679 472 1708 num
500 1679 522 1707 a
545 1661 711 1706 Christi
750 1677 934 1724 corpore
967 1660 1189 1723 separeris.
1234 1660 1333 1705 Noli
1364 1677 1470 1720 rogo
1501 1671 1568 1715 te,
1601 1659 1750 1716 frater,

367 1750 448 1796 pro
476 1743 514 1777 te
534 1732 630 1794 ipso
658 1741 697 1776 te
726 1731 862 1790 magis
883 1747 987 1790 rogo
1005 1767 1015 1785 ‚
1044 1740 1158 1776 certe
1183 1729 1414 1793 paululum
1440 1730 1612 1776 attende
1633 1730 1753 1794 quod

367 1802 484 1848 dico.
518 1800 761 1846 Feiieianus
792 1800 1055 1845 Mustitanus
1070 1800 1343 1845 Primianum
1366 1799 1754 1859 Carthaginensem

366 1871 621 1926 damnavit,
647 1881 688 1916 et
722 1870 909 1916 vicissim
939 1869 1091 1915 abillo
1116 1870 1242 1915 etiam
1278 1871 1370 1934 ipse
1405 1870 1637 1916 damnatus
1672 1881 1748 1917 est.

370 1944 459 1988 Diu
484 1941 726 1988 Felicianus
765 1941 809 1985 in
844 1940 1051 1999 sacrilego
1088 1939 1341 1985 Maximiani
1373 1939 1607 1985 schismate
1643 1939 1752 1996 fuit,

366 2012 525 2057 multos
543 2010 606 2055 ibi
627 2027 706 2072 per
723 2026 818 2055 suas
844 2009 1046 2055 ecelesias
1067 2009 1335 2072 baptizavit,
1357 2007 1489 2053 modo
1510 2024 1615 2054 cum
1641 2009 1747 2055 Pri-

370 2083 515 2126 miano
533 2089 670 2125 vester
687 2078 919 2141 episcopus
933 2115 944 2135 ,
969 2078 1041 2124 sed
1063 2089 1103 2123 et
1126 2078 1344 2124 neminem
1361 2088 1463 2140 post
1486 2094 1586 2123 eum
1602 2078 1755 2141 bapti-

371 2151 513 2196 zans2.
545 2149 645 2205 Qua
666 2164 767 2208 ergo
787 2148 960 2194 lieentia
984 2159 1086 2211 post
1108 2164 1187 2194 nos
1214 2147 1364 2193 adhue
1392 2147 1755 2210 rebaptizandum

371 2221 569 2285 putatis?
605 2220 730 2265 Hane
752 2219 861 2265 mihi
886 2219 1002 2265 solve
1034 2219 1322 2282 quaestionem
1338 2256 1350 2275 ,
1381 2229 1421 2264 et
1447 2235 1514 2263 me
1538 2219 1716 2282 baptiza
1741 2236 1750 2263 :

372 2293 406 2338 si
424 2292 542 2337 hanc
567 2300 711 2336 autem
741 2289 903 2336 solvere
925 2307 1014 2336 non
1043 2300 1167 2353 potes
1184 2326 1193 2344 ‚
1221 2306 1352 2352 parce
1377 2288 1528 2334 alienae
1561 2288 1718 2334 animae
1740 2325 1750 2345 ,

374 2378 505 2426 parce
531 2371 634 2406 tuae.
662 2361 751 2406 Aut
773 2360 808 2405 si
833 2377 900 2406 me
916 2360 970 2406 de
992 2359 1209 2405 Feliciano
1234 2358 1390 2405 falsum
1414 2357 1566 2404 dixisse
1590 2358 1752 2418 arguis,

372 2431 487 2492 exige
515 2441 563 2476 ut
581 2430 764 2495 probem
783 2467 794 2485 ,
813 2440 927 2476 certe
947 2430 983 2477 si
1006 2446 1094 2475 non
1114 2429 1385 2496 probavero,
1413 2439 1520 2475 tune
1544 2427 1612 2477 fac
1634 2426 1755 2493 quod

422 2539 432 2562 ¹
466 2538 553 2574 Alias
592 2547 706 2571 ecnxv.
742 2548 814 2581 quae
842 2542 952 2571 autem
988 2538 1049 2571 106
1081 2542 1174 2580 erat,
1214 2546 1297 2571 nunc
1338 2536 1415 2570 186,
1440 2552 1484 2564 -z-
1519 2534 1644 2582 Scripta
1672 2534 1756 2570 forte

372 2606 456 2635 anuo
480 2601 558 2639 409.
571 2610 617 2620 m
635 2591 651 2618 2
670 2595 763 2627 Forte
782 2592 975 2638 baptizastis.
