1902 3268
331 298 426 346 366
742 309 777 341 ε.
820 306 1066 342 anensium
1100 307 1304 344 nrrscorr

330 380 431 426 haec
452 374 611 441 exponi
633 391 723 421 non
744 375 1082 436 incongruenter
1101 388 1224 441 petas
1246 395 1257 423 ε
1283 376 1641 442 quandoquidem
1658 394 1709 425 eo

331 451 418 497 fine
434 453 527 510 jam
559 458 598 493 te
620 447 700 493 ista
732 462 892 509 cupere
925 447 1170 503 credimus,
1198 465 1286 511 quo
1310 447 1394 495 illis
1427 449 1625 495 consulas
1653 447 1709 495 ad

327 517 676 587 persuadendam
701 516 924 563 veritatem
947 517 1171 580 vitamque
1194 535 1344 565 eorum
1374 520 1673 580 corrigendam
1692 557 1710 578 „

318 591 409 657 ‚qui
433 601 473 636 te
491 626 502 646 ,
536 587 633 634 siin
658 585 744 632 illis
768 586 993 632 Ciceronis
1013 586 1138 633 libris
1162 587 1389 634 indoctum
1420 590 1709 654 hebetemque

328 659 599 726 putaverint,
624 656 854 718 indignum
876 657 1110 703 habebunt
1129 693 1141 712 ‚
1163 676 1185 705 a
1205 675 1294 722 quo
1319 659 1486 723 aliquid
1504 660 1621 706 utilis
1637 678 1708 707 sa-

329 730 557 794 lubrisque
589 727 782 775 scientiae
819 726 904 772 sibi
944 727 1253 791 accipiendum
1294 746 1381 775 esse
1423 730 1702 778 arbitrentur.

332 801 467 861 Quod
491 817 580 847 non
598 800 659 846 ita
680 809 765 856 est,
792 797 1064 846 mihicrede.

393 875 476 920 IX.
489 871 688 918 Primum
706 870 810 934 quia
828 885 915 916 esse
928 868 1097 934 aliquos
1111 869 1251 917 inillis
1263 869 1402 929 terriS,
1424 870 1502 918 ubi
1521 871 1704 936 imperi-

330 956 399 992 tus
415 943 681 1006 minimeque
697 951 851 987 acutus
866 940 1005 987 videri
1021 941 1162 999 times,
1179 943 1257 1006 qui
1274 953 1315 988 te
1329 941 1382 988 de
1397 942 1486 989 istis
1505 944 1707 1008 quaestio-

323 1015 456 1063 nibus
472 1012 717 1079 quidquam
737 1011 1003 1071 interrogent
1020 1012 1215 1069 ,omnino
1238 1030 1326 1059 non
1342 1012 1469 1060 video
1485 1032 1495 1060 ε
1509 1014 1707 1079 quando-

326 1085 609 1150 quidemhic,
629 1099 716 1146 quo
736 1081 791 1128 ad
813 1098 862 1127 ea
881 1080 1086 1129 discenda
1100 1083 1324 1141 venisti,et
1339 1085 1495 1131 Romae
1508 1097 1708 1149 expertus

322 1173 384 1214 es,
401 1173 535 1221 quam
557 1153 818 1215 negligenter
833 1152 1100 1210 habeantur,
1121 1164 1164 1199 et
1186 1154 1246 1200 ob
1266 1154 1354 1200 hoc
1369 1172 1507 1218 neque
1522 1156 1706 1205 docean-

323 1237 416 1285 tur,
437 1243 577 1292 neque
587 1225 838 1272 discantur:
855 1223 955 1270 etin
972 1224 1117 1271 Africa
1130 1241 1265 1289 usque
1288 1224 1395 1272 adeo
1411 1225 1464 1272 de
1478 1226 1546 1273 his
1566 1228 1707 1274 inter-

324 1309 571 1360 rogatorem
592 1295 754 1362 pateris
776 1294 1013 1352 neminem,
1028 1305 1078 1341 ut
1090 1312 1170 1342 nec
1186 1305 1226 1341 te
1248 1296 1394 1360 ipsum
1414 1297 1490 1361 qui
1508 1298 1704 1362 patiatur

323 1367 546 1423 invenias3
581 1383 717 1431 eaque
747 1365 897 1430 inopia
932 1364 1151 1430 episcopis
1180 1366 1434 1430 exponenda
1467 1385 1516 1415 ea
1535 1369 1707 1416 mittere

325 1440 523 1501 cogaris:
549 1438 792 1503 quasivero
821 1436 1019 1500 episcopi
1054 1436 1124 1483 isti
1144 1473 1156 1494 ,
1182 1437 1350 1483 etiamsi
1383 1438 1673 1487 adolescentes
1689 1477 1702 1499 ,

322 1511 477 1559 eodem
499 1527 588 1575 quo
613 1520 664 1556 tu
685 1507 852 1572 raperis
883 1506 1018 1553 animi
1044 1506 1201 1554 ardore
1218 1545 1230 1563 ‚
1258 1507 1326 1555 vel
1349 1509 1495 1572 potius
1526 1528 1669 1557 errore
1688 1547 1700 1567 ‚

324 1582 450 1646 quasi
469 1579 638 1645 aliquid
664 1594 871 1639 magnum
901 1578 999 1624 haec
1023 1576 1188 1624 discere
1214 1590 1452 1637 curarunt,
1481 1597 1617 1646 usque
1649 1581 1705 1629 ad

324 1669 454 1699 canos
476 1649 744 1716 episcopales
763 1685 775 1706 ,
804 1659 846 1695 et
868 1664 1004 1711 usque
1024 1648 1079 1693 ad
1104 1647 1335 1696 cathedras
1357 1650 1667 1698 ecclesiasticas
1687 1689 1699 1709 ‚

323 1740 372 1770 ea
389 1723 474 1770 sibi
489 1723 535 1770 in
558 1720 769 1768 memoria
789 1719 948 1766 durare
965 1728 1220 1782 paterentur
1241 1737 1252 1764 ε
1281 1720 1403 1766 autsi
1415 1720 1500 1784 ipsi
1521 1723 1699 1777 vellent,

321 1811 412 1841 non
438 1794 513 1841 illa
532 1831 543 1851 ,
577 1792 707 1839 etiam
741 1789 794 1836 de
830 1790 1072 1837 invitorum
1095 1789 1305 1836 cordibus
1323 1828 1334 1847 ,
1377 1807 1495 1837 curae
1520 1797 1702 1853 majores

320 1865 623 1928 gravioresque
647 1860 916 1908 secluderent
949 1878 961 1906 z
990 1871 1067 1907 aut
1087 1861 1121 1906 si
1151 1859 1298 1924 aliqua
1323 1879 1371 1907 ex
1395 1862 1452 1907 eis
1477 1862 1524 1920 in
1548 1865 1702 1911 animis

319 1953 471 1982 eorum
503 1935 639 1982 nimia
661 1931 976 1979 consuetudine
1002 1943 1299 1988 remanerent,
1326 1949 1416 1977 non
1443 1933 1573 1979 etiam
1607 1935 1702 1998 ipsa

319 2005 540 2051 oblivione
557 2002 728 2066 sepeliri
745 2001 924 2047 mallent
947 2001 1193 2056 recordata,
1221 2018 1355 2064 quam
1374 2002 1428 2047 acl
1450 2002 1598 2066 inepta
1616 2022 1701 2051 res-

320 2075 513 2139 pondere
540 2073 723 2139 quaesita
746 2089 758 2117 :
791 2089 893 2120 cum
917 2071 962 2117 in
992 2072 1026 2134 {L
1049 2089 1086 2116 *a
1112 2071 1240 2116 stiam
1263 2072 1454 2118 scholari
1472 2073 1646 2121 levitate
1659 2086 1701 2121 et

321 2144 551 2191 rhetoricis
581 2141 826 2197 cathedris,
863 2142 924 2187 ita
956 2140 1225 2187 obmutuisse
1259 2152 1389 2205 atque
1426 2144 1700 2208 obtorpuisse

320 2215 571 2272 videantur,
600 2224 692 2260 uta
716 2211 980 2272 Carthagine
1001 2211 1275 2274 Hipponem,
1302 2229 1391 2275 quo
1414 2215 1570 2277 exponi
1592 2233 1699 2279 pos-

322 2287 425 2344 sint,
448 2284 658 2333 mittenda
678 2282 1003 2330 existimentur:
1034 2282 1111 2327 ubi
1134 2293 1220 2327 tam
1239 2282 1429 2340 insolita,
1454 2294 1582 2348 atque
1600 2303 1699 2332 om-

321 2358 426 2404 nino
449 2356 675 2421 peregrina
703 2362 828 2406 sunt,
849 2363 897 2398 ut
923 2352 957 2398 si
980 2351 1133 2398 vellem
1157 2352 1447 2415 respondendi
1472 2372 1577 2401 cura
1604 2357 1697 2403 ins-

319 2429 465 2492 picere
494 2426 661 2492 aliquid
677 2462 688 2482 ‚
724 2424 872 2472 volens
904 2422 1049 2470 videre
1073 2423 1295 2486 quomodo
1322 2424 1377 2469 ad
1403 2428 1658 2473 sententiam
1680 2466 1693 2486 ,

320 2516 423 2562 quae
445 2498 557 2545 mihi
579 2493 834 2560 exponenda
851 2504 982 2550 esset,
1014 2492 1201 2556 desuper
1227 2493 1423 2539 veniatur
1438 2531 1448 2549 ,
1476 2507 1549 2541 aut
1572 2497 1629 2542 ab
1647 2514 1696 2544 ea

318 2569 524 2633 deinceps
546 2583 647 2631 quae
667 2573 966 2611 contexeretur
991 2561 1130 2608 oratio
1152 2598 1163 2618 ‚
1198 2561 1393 2608 codicem
1418 2580 1595 2626 prorsus
1621 2566 1695 2611 in-

317 2642 463 2693 venire
490 2655 578 2686 non
607 2652 792 2702 possem.
820 2631 899 2681 'lui
919 2643 1064 2681 autem
1083 2631 1446 2694 Carthaginenses
1468 2635 1661 2685 rhetores
1678 2673 1691 2696 ,
