1902 3268
383 315 475 376 '292
804 334 839 364 S.
881 334 1125 365 AUGUsTiNI
1163 336 1366 367 EPISCOPI

380 397 626 456 praesentati
644 397 873 444 videantur
897 401 1105 453 examini3
1143 401 1344 447 nolumus
1372 412 1512 449 tamen
1539 404 1756 467 passiones

380 481 598 512 servorum
650 470 746 523 Dei,
792 470 911 531 quasi
945 471 1036 515 vice
1064 471 1254 525 talionis,
1300 474 1481 535 paribus
1525 474 1756 537 suppliciis

377 535 604 583 xindicari.
638 539 733 583 Non
751 556 838 602 quo
865 539 1050 584 scelestis
1074 540 1326 587 hominibus
1346 543 1565 589 licentiam
1590 543 1755 590 facino-

375 621 469 650 rum
492 608 806 669 prohibeamus
829 608 1003 665 auferri,
1027 610 1098 654 sed
1131 610 1217 656 hoc
1248 613 1380 671 magis
1409 613 1601 658 sufficere
1622 613 1753 658 volu-

376 692 496 728 mus;
525 688 572 723 ut
593 679 675 724 vivi
696 690 736 724 et
757 679 876 724 nulla
899 680 1095 742 corporis
1119 692 1243 743 parte
1268 683 1476 738 truncati,
1505 682 1572 728 vel
1600 682 1656 727 ab
1681 683 1745 727 in—

369 745 622 806 quietudine
642 750 789 794 insana
818 749 872 795 ad
905 750 1097 796 sanitatis
1131 751 1268 796 otium
1302 751 1446 810 legum
1484 753 1752 798 coercitione

372 814 633 875 dirigantur,
663 820 728 865 vel
761 838 783 865 a
809 820 1006 880 malignis
1030 821 1236 882 operibus
1256 821 1385 867 alicui
1405 822 1501 867 utili
1525 822 1645 885 operi
1665 822 1746 867 de-

367 898 592 948 putentur.
621 891 1001 954 Vocaturquidem
1015 902 1056 938 et
1079 893 1157 938 ista
1182 892 1431 938 damnatio:
1451 893 1523 938 sed
1548 893 1644 956 quis
1662 911 1749 938 non

370 957 583 1018 intelligat
608 962 741 1020 magis
759 962 1018 1007 beneficium
1043 976 1175 1024 quam
1195 962 1465 1024 supplicium
1486 980 1750 1025 nuncupan-

367 1026 492 1083 dum,
518 1030 595 1075 ubi
619 1048 697 1076 nec
713 1031 917 1076 saevieudi
932 1032 1139 1078 relaxetur
1164 1033 1364 1089 audacia,
1393 1051 1470 1079 nec
1497 1033 1747 1096 poenitendi

370 1099 656 1147 subtrahatur
678 1101 911 1148 medicina.

434 1170 492 1216 II.
516 1172 673 1235 Imple,
694 1173 1094 1231 ChristianejudeX,
1110 1173 1171 1236 pii
1192 1174 1325 1236 patris
1340 1173 1556 1228 officium3
1573 1174 1632 1218 sic
1651 1189 1746 1219 suc-

368 1240 742 1305 censeiniquitati,
771 1254 819 1288 ut
839 1242 1061 1288 consulere
1089 1243 1355 1288 humanitati
1380 1243 1650 1288 memineris:
1668 1260 1746 1288 nec

365 1311 410 1355 in
442 1323 724 1374 peccatorum
764 1314 1069 1359 atrocitatibus
1108 1332 1299 1360 exerceas
1325 1313 1563 1359 ulciscendi
1586 1314 1740 1359 lihidi-

367 1397 491 1435 nem3
517 1381 587 1427 sed
614 1395 894 1446 peccatorum
933 1383 1188 1429 vulneribus
1211 1384 1395 1430 curandi
1434 1383 1644 1429 adhibeas
1667 1401 1746 1429 vo-

364 1450 591 1499 luntatem.
624 1454 723 1499 Noli
754 1454 932 1517 perdere
966 1465 1191 1516 paternam
1221 1454 1507 1514 diligentiam,
1531 1471 1663 1517 quam
1698 1455 1744 1499 in

364 1520 458 1583 ipsa
492 1522 771 1586 inquisitione
810 1526 1003 1579 servasti,
1043 1524 1220 1587 quando
1267 1535 1487 1569 tantorum
1532 1524 1741 1570 scelerum

363 1590 690 1648 confessionem,
718 1612 802 1640 non
821 1594 1071 1640 extendente
1086 1595 1349 1647 eculeo‚non
1371 1594 1641 1639 sulcantibus
1663 1611 1742 1639 un-

357 1661 484 1719 gulis,
513 1681 599 1709 non
625 1666 849 1711 urentibus
874 1666 1090 1718 ssammis3
1125 1665 1198 1710 sed
1233 1665 1455 1724 virgarum
1479 1665 1742 1710 verberibus

360 1734 518 1781 eruisti.
547 1736 636 1791 Qui
658 1737 812 1783 modus
832 1737 1110 1783 coercitionis
1130 1754 1153 1781 a
1178 1735 1391 1795 magistris
1406 1736 1563 1781 artium
1585 1735 1743 1780 libera-

360 1802 487 1860 lium,
510 1816 550 1850 et
577 1806 633 1851 ab
656 1807 759 1870 ipsis
782 1808 1057 1869 parentibus,
1082 1824 1197 1869 saepe
1225 1808 1354 1852 etiam
1377 1806 1610 1865 injudiciis
1635 1805 1743 1851 solet

365 1873 419 1918 ab
444 1875 658 1939 episcopis
674 1877 890 1924 adhiberi.
912 1878 1010 1923 Noli
1033 1895 1133 1937 ergo
1150 1878 1337 1923 atrocius
1357 1877 1595 1929 vindicare,
1622 1876 1743 1939 quod

361 1943 496 1990 lenius
542 1947 755 1995 invenisti.
807 1948 1063 2012 inquirendi
1099 1965 1230 2010 quam
1272 1947 1483 2010 puniendi
1515 1947 1741 1992 necessitas

361 2019 497 2073 major
522 2028 596 2063 est.
645 2018 709 2063 Ad
742 2019 826 2064 hoc
863 2021 975 2064 enim
1001 2029 1042 2063 et
1081 2018 1292 2062 mitissimi
1336 2017 1537 2061 homines
1571 2016 1740 2061 facinus

359 2086 628 2132 occultatum
653 2088 878 2148 diligenter
899 2099 1027 2151 atque
1053 2088 1260 2133 instanter
1297 2087 1558 2141 examinant,
1600 2097 1646 2130 ut
1666 2086 1738 2130 in-

359 2156 532 2201 veniant
561 2158 724 2220 quibus
759 2169 956 2221 parcant.
995 2157 1119 2203 Unde
1141 2158 1397 2221 plerumque
1436 2173 1602 2201 necesse
1646 2166 1735 2210 est,

358 2238 602 2272 exerceatur
620 2230 761 2274 acrius
781 2229 1021 2291 inquisitio,
1048 2239 1094 2273 ut
1114 2227 1382 2273 manifestato
1406 2226 1560 2271 scelere
1583 2226 1636 2270 sit
1660 2226 1738 2270 ubi

358 2308 567 2358 appareat
587 2299 888 2346 mansuetudo.
917 2299 1078 2345 Omnia
1110 2298 1276 2362 quippe
1297 2297 1413 2343 bona
1435 2314 1566 2360 opera
1591 2306 1739 2341 amant

356 2365 399 2410 in
424 2366 522 2412 luce
546 2369 769 2424 constitui,
797 2387 884 2414 non
910 2380 1093 2433 propter
1116 2369 1354 2414 humanam
1381 2367 1560 2427 gloriam
1588 2365 1736 2411 :med

358 2457 378 2476 »
405 2446 450 2480 ut
473 2436 665 2493 videant,
689 2440 747 2484 ait
772 2441 1002 2496 Dominus<⁸
1026 2440 1144 2484 bona
1180 2455 1310 2501 opera
1340 2449 1480 2483 vestra
1510 2448 1551 2482 et
1568 2436 1737 2496 glorifi-

356 2527 375 2547 »
397 2518 496 2551 cent
526 2520 689 2570 patrem
734 2522 949 2566 vestrum,
998 2512 1073 2573 qui
1112 2510 1156 2555 in
1198 2509 1320 2554 coelis
1361 2519 1422 2553 est
1441 2508 1473 2554 4.
1517 2530 1535 2549 »
1562 2509 1616 2552 Et
1638 2506 1735 2552 ideo

354 2593 439 2622 non
460 2579 629 2625 suffecit
669 2582 879 2643 Apostolo
905 2598 1095 2636 monere,
1122 2592 1167 2626 ut
1192 2578 1569 2626 mansuetudinem
1588 2593 1735 2624 serva-

401 2661 408 2680 ¹
440 2659 557 2692 Matth.
579 2672 607 2699 v,
624 2673 677 2700 7¹-
