1902 3268
372 284 464 332 290
779 286 813 315 S.
858 284 1103 316 AUGUSTINI
1138 284 1342 317 EPISCOPI

367 349 590 414 deprecati
612 366 782 406 sumus,
816 351 938 396 toties
958 353 1252 415 aparentibus
1271 390 1281 409 ,
1301 353 1371 400 vel
1395 352 1607 415 magistris
1629 369 1751 400 acce-

367 421 578 485 pissemus
595 458 602 472 ,
619 422 727 484 quin
745 432 940 467 nostrum
962 423 1214 471 tolerandus
1227 425 1454 471 crevisset?
1471 426 1566 489 quis
1584 423 1750 488 aliquid

368 493 472 538 utile
505 492 755 537 didicisset?
792 492 1076 555 providenter
1112 495 1215 551 ista,
1242 513 1329 540 11011
1355 496 1588 542 crudeliter
1617 495 1744 542 fiunt.

365 565 429 610 Ne
449 579 597 626 quaeso
618 562 663 608 in
684 562 769 608 hac
788 579 914 609 causa
934 562 1049 609 nihil
1063 561 1180 611 aliud
1199 565 1417 623 intendas,
1439 567 1517 612 nisi
1534 566 1749 630 quemad-

363 634 546 682 modum
581 632 701 698 apud
736 651 814 679 nos
849 633 1010 679 efficias
1030 671 1042 691 ,
1069 633 1191 698 quod
1226 638 1392 696 rogaris
1413 654 1436 682 a
1461 637 1545 682 tuis
1569 654 1580 681 ε
1604 636 1750 682 omnia

361 724 465 754 vero
482 706 711 766 diligenter
729 705 971 751 considera.
996 704 1044 750 Si
1063 707 1286 769 praeterita
1309 707 1490 767 negligis
1504 743 1515 763 ,
1536 723 1636 771 quae
1655 705 1747 752 fieri

355 781 450 839 jain
467 777 627 824 infecta
645 794 734 822 non
758 787 944 840 possunt
969 793 979 821 ε
1009 775 1281 840 aliquantum
1309 777 1512 842 prospice
1535 778 1579 823 in
1604 787 1745 842 poste·

359 865 458 895 rum
489 866 500 894 :
531 866 620 894 non
653 847 763 911 quid
803 848 1012 911 cupiant,
1053 848 1130 911 qui
1158 859 1200 894 te
1222 861 1399 909 rogant,
1440 848 1514 894 sed
1549 848 1658 913 quid
1685 848 1747 894 eis

358 919 559 984 expediat
582 920 821 983 prudenter
845 919 1032 966 attende.
1060 921 1158 965 Non
1181 936 1280 966 sane
1296 920 1481 966 fideliter
1505 937 1574 966 eos
1603 928 1747 965 amare

357 991 683 1046 convincimur,
707 990 741 1035 si
770 989 858 1036 1100
883 990 1020 1036 solum
1048 991 1288 1047 intuemur,
1315 1008 1395 1048 ne,
1419 1007 1509 1036 non
1544 988 1748 1036 fiicicndo

355 1063 477 1127 quod
511 1073 736 1126 poscunt,
769 1062 993 1106 minuatur
1025 1062 1145 1125 quod
1177 1079 1379 1108 amamur
1404 1062 1460 1108 ab
1480 1062 1552 1108 eis.
1582 1062 1637 1106 Et
1667 1060 1746 1106 ubi

355 1144 444 1190 est,
463 1131 584 1196 quod
607 1143 650 1176 et
674 1142 828 1176 vestrae
855 1131 1034 1177 Litterae
1058 1132 1183 1177 illum
1211 1120 1394 1178 laudant
1420 1132 1576 1196 patriae
1598 1141 1747 1176 recto-

353 1219 444 1250 rem
459 1241 469 1258 ,
498 1203 575 1267 qui
593 1201 752 1266 populi
775 1201 951 1247 utilitati
971 1203 1107 1262 magis
1128 1203 1329 1248 consulat
1347 1216 1479 1266 quam
1499 1202 1746 1248 voluntati}>

421 1274 547 1322 vlit.
579 1296 600 1316 α
622 1273 746 1320 Nihil
787 1273 993 1328 interest,
1039 1274 1212 1335 inquis,
1251 1273 1378 1336 quale
1416 1273 1620 1318 videatur
1657 1284 1746 1317 esse

351 1357 585 1412 peccatum
606 1362 707 1391 cum
728 1344 1002 1404 indulgentia
1027 1344 1288 1408 postulatur.
1318 1366 1339 1386 ›>
1358 1344 1492 1389 Recte
1510 1343 1598 1388 1100
1618 1341 1744 1387 dice-

351 1434 418 1464 res
459 1418 494 1463 si
532 1417 586 1462 de
625 1415 863 1480 puniendis
892 1452 904 1471 ,
941 1433 1027 1460 non
1070 1415 1124 1460 de
1171 1414 1440 1475 corrigendis
1486 1412 1744 1459 hominibus

354 1500 565 1551 ageretur.
594 1488 722 1536 Absit
745 1488 860 1534 enim
882 1505 904 1533 a
922 1487 1054 1534 corde
1081 1486 1323 1533 christiano
1339 1523 1349 1543 ,
1383 1497 1432 1532 ut
1462 1485 1646 1530 libidine
1670 1483 1743 1529 ul-

350 1562 542 1609 ciscendi
560 1561 614 1608 ad
627 1578 807 1625 poemm
830 1564 1042 1625 cujusque
1064 1560 1274 1624 rapiatur.
1302 1558 1432 1604 Absit
1452 1568 1501 1604 ut
1522 1557 1568 1603 in
1594 1555 1747 1602 dimit-

349 1635 483 1681 tendo
520 1635 679 1698 cuique
723 1644 955 1698 peccatum
973 1671 984 1690 ,
1012 1644 1085 1679 aut
1115 1649 1203 1678 non
1228 1631 1471 1695 praeveniat
1495 1644 1647 1693 preces
1665 1643 1743 1673 ro-

349 1707 491 1767 gantis
509 1745 520 1764 ,
549 1719 622 1753 aut
647 1718 761 1752 certe
789 1707 999 1753 continuo
1026 1706 1318 1769 subsequatur
1335 1722 1350 1749 ι
1380 1703 1453 1749 sed
1478 1703 1565 1748 hoc
1590 1700 1744 1762 utique

349 1795 404 1824 ne
428 1777 567 1824 oderit
598 1777 823 1824 hominem
845 1815 854 1834 ,
891 1795 944 1823 110
970 1777 1135 1822 malum
1168 1792 1250 1840 pro
1280 1774 1394 1820 malo
1420 1773 1663 1826 retribuat,
1689 1780 1742 1816 ne'

350 1849 539 1907 nocendi
562 1850 861 1896 inflammetur
882 1850 1035 1895 ardore
1051 1886 1063 1906 ‚
1092 1865 1145 1894 ne
1171 1846 1367 1894 vindicta
1393 1846 1524 1891 etiam
1548 1842 1637 1902 lege
1660 1840 1742 1886 de-

347 1920 442 1967 bita
470 1922 590 1988 pasci
617 1921 853 1979 desiderem
875 1940 963 1968 11011
990 1931 1132 1967 autem
1167 1937 1221 1966 ne
1241 1918 1465 1974 consulat,
1487 1932 1540 1962 ne
1562 1912 1742 1978 prospi-

349 1993 461 2048 ciat,
491 2011 543 2040 ne
568 2005 817 2057 compescat
840 2013 861 2039 a
887 1994 1024 2039 malis.
1058 1992 1169 2037 Fieri
1200 1991 1312 2036 0111111
1334 1999 1507 2053 potest,
1531 1996 1580 2032 ut
1603 1984 1740 2030 velie-

348 2064 536 2110 mentius
578 2065 849 2111 adversando
878 2103 888 2122 ‚
939 2062 1285 2110 emendationem
1334 2061 1517 2124 quisque
1551 2054 1741 2115 negligat

347 2131 538 2181 hominis
555 2174 565 2191 ,
593 2153 723 2201 quem
743 2136 913 2197 gravius
931 2136 1049 2189 odit3
1072 2145 1114 2179 ct
1131 2132 1341 2179 nonnulla
1367 2128 1563 2176 molestia
1585 2124 1739 2172 reddat

347 2206 594 2253 coercendo
617 2208 838 2254 meliorem
858 2246 868 2265 ,
891 2225 1022 2272 quem
1043 2206 1225 2252 maxime
1247 2203 1405 2264 diligit.

415 2279 492 2326 iffi.
526 2300 544 2321 «
571 2280 684 2325 Nam
705 2290 747 2325 et
777 2280 1035 2344 poenitentia
1054 2317 1064 2336 ,
1087 2279 1198 2324 sicut
1217 2276 1395 2332 scribis,
1422 2274 1630 2337 impetrat
1660 2285 1738 2315 ve-

348 2349 461 2393 niam.
482 2387 489 2394 .
518 2360 558 2395 ct
601 2362 762 2414 purgat
788 2351 1020 2396 admissum
1041 2370 1051 2403 3
1080 2371 1100 2391 >›
1127 2348 1199 2394 sed
1224 2347 1296 2393 illa
1322 2363 1421 2410 quae
1444 2345 1491 2390 in
1516 2359 1614 2389 vera
1636 2338 1736 2385 reli-

347 2420 472 2478 gione
489 2422 641 2480 agitur,
659 2439 760 2484 quse
780 2421 978 2467 futurum
1001 2421 1219 2481 judicium
1248 2418 1326 2463 Dei
1342 2417 1528 2476 cogitat3
1552 2428 1640 2459 non
1664 2408 1738 2455 illa

341 2507 441 2554 quae
466 2491 519 2536 ad
544 2492 698 2538 horam
719 2494 975 2543 hominibus
994 2531 1004 2549 ,
1029 2502 1102 2539 aut
1135 2491 1384 2546 exhibetur,
1411 2497 1484 2533 aut
1521 2484 1721 2544 fingitur,

342 2579 432 2608 non
449 2573 499 2608 1111
518 2580 542 2607 a
568 2563 729 2610 delicto
756 2565 901 2611 anima
917 2576 1132 2629 purgetur
1158 2563 1203 2609 in
1230 2573 1441 2609 aeternum
1460 2596 1471 2616 ,
1498 2555 1573 2602 sed
1597 2552 1739 2600 utin-¹

345 2633 467 2678 terim
490 2651 512 2679 a
537 2635 742 2698 praesenti
769 2646 887 2682 metu
906 2635 1116 2682 molestiae
1139 2634 1229 2682 vita
1247 2633 1334 2678 cito
1355 2630 1548 2695 peritura
1565 2625 1736 2672 libere->⁴
