1902 3268
646 314 859 353 ‘nrlsrom
896 319 995 351 cxx.
1428 305 1513 359 401

147 405 305 457 porum
328 389 584 436 resurrectio
602 424 613 445 ,
637 387 696 433 ita
715 386 958 433 creduntur
981 396 1029 432 ut
1051 385 1179 431 etiam
1201 383 1386 430 videnda
1418 401 1519 447 spe-

149 472 300 508 rentur
326 478 338 507 :
365 460 439 507 sed
471 457 640 506 ostendi
675 457 835 515 modo,
864 456 987 503 nullo
1018 464 1201 520 possunt
1233 453 1378 501 modo,
1410 454 1524 510 Quae

149 548 251 580 vero
270 531 329 578 ita
347 542 447 577 sunt
466 541 516 577 ut
535 545 675 594 neque
693 538 980 592 praetereant,
1000 542 1137 590 neque
1157 525 1304 572 futura
1321 525 1428 580 sint,
1452 523 1524 569 sed

152 613 313 649 aeterna
336 612 644 666 permaneant,
674 600 834 663 partim
854 609 954 644 sunt
978 596 1208 644 invisibilia
1229 634 1240 653 ,
1268 597 1380 642 sicut
1393 596 1528 656 Justi-

154 673 210 719 tia
228 710 240 730 ,
268 673 382 719 sicut
416 671 654 736 sapientia3
675 669 839 734 partim
863 669 1076 724 visibilia,
1101 668 1211 714 sicut
1243 666 1409 712 Christi
1442 666 1530 711 im-

152 743 335 790 mortale
349 747 440 804 jam
460 759 619 806 corpus
640 759 651 786 :
672 741 744 787 sed
765 739 998 787 invisibilia
1014 738 1230 785 intellecta
1248 737 1533 800 conspiciun-

153 824 243 869 tur,
284 830 332 859 ac
371 831 450 878 per
483 813 571 859 hoc
610 822 652 858 et
693 811 786 875 ipsa
820 809 952 856 modo
986 809 1177 873 quodam
1214 808 1296 854 sibi
1339 823 1536 867 congruo

153 883 361 930 videntur
381 902 391 930 :
418 894 581 930 etcum
599 881 821 937 videntur,
847 880 986 926 multo
1005 879 1187 925 certiora
1206 888 1306 924 sunt
1330 894 1462 942 quam
1488 894 1535 925 ea

154 971 257 1019 quae
270 955 465 1019 corporis
478 969 622 1000 sensus
637 952 831 1012 attingit;
853 950 925 997 sed
943 950 1039 996 ideo
1051 950 1261 996 dicuntur
1272 948 1508 996 invisibilia

156 1025 260 1089 quia
284 1025 425 1072 oculis
454 1024 546 1071 istis
567 1023 830 1070 mortalibus
858 1022 996 1069 videri
1016 1021 1194 1067 omnino
1219 1037 1304 1066 non
1326 1029 1522 1083 possunt.

161 1097 220 1142 At
237 1095 311 1142 illa
335 1112 435 1161 quae
457 1094 647 1142 visibilia
668 1105 768 1140 sunt
786 1093 1082 1158 permanentia
1097 1130 1107 1149 ,
1125 1102 1332 1156 possunt,
1355 1090 1388 1137 si
1403 1101 1541 1137 osten«

157 1165 337 1223 dantur,
374 1166 502 1212 etiam
540 1165 609 1211 his
647 1165 907 1211 mortalibus
937 1164 1073 1210 oculis
1107 1163 1323 1226 conspici,
1361 1162 1473 1209 sicut
1499 1179 1543 1207 se

159 1235 400 1300 Discipulis
435 1247 534 1300 post
571 1237 927 1281 resurrectionem
958 1234 1171 1279 Dominus
1191 1232 1400 1290 ostendit,
1431 1233 1545 1278 sicut

159 1306 289 1353 etiam
315 1317 414 1370 post
439 1306 728 1353 ascensionem
749 1304 943 1370 apostolo
963 1304 1101 1351 Paulo
1119 1314 1160 1350 et
1187 1304 1412 1368 Stephano
1443 1303 1544 1348 dia-

160 1375 320 1423 cono1.

226 1447 282 1494 X.
310 1446 500 1493 Proinde
522 1447 604 1493 ista
621 1446 809 1494 visibilia
830 1445 1206 1510 permanentia'ita
1227 1445 1447 1493 credimus
1461 1483 1472 1502 ,
1497 1456 1546 1492 ut

161 1515 328 1563 etiamsi
360 1533 450 1563 non
489 1516 861 1573 demonstrentur,
897 1533 1117 1580 speremus
1160 1534 1207 1563 ea
1238 1534 1313 1562 nos
1344 1515 1549 1580 quando-

162 1601 248 1651 que
272 1586 464 1642 visuros;
490 1605 570 1634 nec
595 1605 644 1634 ea
664 1603 875 1633 conemur
896 1587 1064 1633 ratione
1083 1587 1150 1633 vel
1170 1587 1391 1632 intellectu
1416 1603 1549 1632 com-

162 1656 433 1720 prehendere
447 1694 459 1714 ,
485 1657 567 1702 nisi
586 1667 635 1704 ut
648 1674 698 1703 ea
717 1694 728 1713 ,
746 1657 849 1720 quia
866 1657 1054 1704 visibilia
1077 1668 1177 1703 sunt
1192 1694 1203 1713 ,
1234 1658 1290 1702 ab
1307 1656 1548 1703 invisibili-

164 1727 248 1772 bus
267 1725 515 1773 distinctius
536 1727 774 1788 cogitemus
798 1745 809 1772 :
830 1737 871 1773 et
895 1744 995 1773 cum
1020 1727 1279 1787 cogitatione
1294 1726 1441 1791 qualia
1458 1726 1545 1771 sint

164 1793 469 1856 imaginamur,
486 1797 587 1843 satis
611 1797 762 1861 utique
778 1797 981 1844 novimus
997 1815 1045 1844 ea
1065 1798 1191 1844 nobis
1206 1808 1309 1844 nota
1333 1814 1420 1843 non
1434 1813 1536 1843 esse.

167 1867 278 1912 Nam
307 1876 350 1912 et
385 1868 669 1914 Antiochiam
705 1867 849 1929 cogito
875 1869 1166 1928 incognitam,
1203 1868 1276 1915 sed
1311 1885 1399 1915 non
1429 1867 1545 1913 sicut

167 1937 478 1997 Carthaginem
502 1939 734 1998 cognitam.
768 1938 893 1986 Illam
911 1940 1079 2003 quippe
1101 1939 1310 1987 visionem
1334 1938 1541 1999 cogitatio

165 2024 261 2053 mea
278 2008 429 2068 fingit,
453 2008 569 2053 hanc
586 2008 735 2054 recolit
753 2028 764 2063 ;
786 2025 1063 2073 nequaquam
1087 2020 1229 2057 tamen
1252 2009 1410 2055 dubito
1426 2045 1437 2064 ,
1454 2008 1546 2054 sive

167 2076 287 2141 quod
302 2076 357 2123 de
376 2077 450 2124 illa
470 2078 650 2124 testibus
661 2078 824 2136 multis,
853 2079 940 2126 sive
961 2080 1080 2144 quod
1099 2080 1152 2126 de
1168 2081 1249 2127 ista
1268 2080 1373 2126 meis
1396 2094 1547 2142 aspec—

168 2148 288 2194 tibus
321 2147 503 2196 credidi.
537 2149 759 2195 Justitiam
791 2168 892 2196 vero
915 2161 957 2196 et
985 2152 1239 2215 sapientiam
1264 2161 1303 2197 et
1321 2148 1542 2214 quidquid

168 2219 382 2278 ejusmodi
402 2229 488 2276 est,
520 2237 609 2265 non
637 2221 759 2266 aliter
778 2222 1084 2282 imaginamur,
1113 2223 1236 2268 aliter
1260 2234 1539 2274 contuemur,

169 2287 243 2334 sed
268 2288 365 2334 haec
387 2289 621 2335 invisibilia
647 2290 835 2354 simplici
867 2293 1020 2338 mentis
1040 2304 1167 2358 atque
1184 2294 1361 2339 rationis
1395 2292 1544 2337 inten-

167 2357 286 2402 tione
303 2358 520 2405 intellecta
543 2361 858 2423 conspicimus,
885 2363 974 2408 sine
998 2363 1098 2409 ullis
1114 2363 1263 2410 formis
1284 2374 1326 2409 et
1352 2361 1546 2408 molibus

169 2428 473 2492 corporalibus
490 2467 501 2486 ‚
523 2429 614 2476 sine
638 2430 734 2476 ullis
755 2431 1016 2479 liniamentis
1052 2434 1284 2499 figurisque
1316 2433 1543 2480 membro-

171 2506 270 2544 rum
285 2535 298 2556 ,
320 2499 412 2545 sine
435 2500 532 2548 ullis
552 2501 765 2548 localibus
790 2502 876 2550 sive
897 2504 1029 2550 finitis
1058 2506 1146 2552 sive
1168 2503 1538 2569 spatiiffiinfinitiS.

221 2597 231 2620 ¹
248 2601 318 2631 Act.
337 2613 358 2632 r.
378 2598 492 2634 Munh.
508 2612 623 2634 xxvnl.
643 2599 741 2637 Marc.
760 2613 825 2634 xvx.
846 2605 920 2635 Luc.
938 2614 1024 2635 xxiv.
1040 2605 1136 2638 Joau.
1155 2616 1195 2636 xx
1211 2630 1218 2642 ,
1248 2617 1301 2637 «ιι.
1333 2605 1401 2638 Act.
1430 2618 1479 2644 rx,
1504 2614 1520 2642 4
1535 2635 1545 2648 ,,

171 2659 203 2684 et
220 2665 282 2695 νη,
300 2655 354 2687 55.

305 2724 448 2756 cxtvr.
1362 2719 1419 2762 es)
