1902 3268
339 261 432 307 238
769 276 802 306 s,
847 265 1088 304 AUGUSTINI
1125 268 1329 305 EPISCOPI

335 343 381 388 in
412 339 558 404 primo
587 340 732 385 statim
756 340 993 385 nativitatis
1015 339 1187 385 exordio
1221 339 1392 385 fuerant
1429 337 1667 386 consecuti.
1694 356 1715 381 ›)

342 412 614 465 Amiserunt,
639 410 745 455 dixit
762 447 771 463 ‚
797 419 1010 473 quantum
1033 410 1207 455 attinuit
1232 409 1285 455 ad
1310 409 1486 455 illorum
1511 409 1669 464 scelus,
1694 426 1718 454 a

338 483 500 546 quibus
524 481 717 526 amittere
741 480 877 523 coacti
905 489 1018 524 sunt.
1054 480 1300 525 Amiserunt
1323 480 1365 525 in
1387 497 1535 526 eorum
1574 488 1718 525 mente

337 570 387 599 ac
416 551 663 603 voluntate,
693 548 769 610 qui
796 549 839 593 in
873 548 967 592 illos
992 557 1161 593 tantum
1198 549 1362 595 lacinus
1383 550 1708 596 commiserunt.

338 623 449 668 Nam
469 620 501 665 si
523 620 565 664 in
587 637 627 664 se
657 619 761 680 ipsis
790 618 1049 673 amisissent,
1078 619 1376 664 remansissent
1397 621 1547 682 utique
1567 619 1717 664 divina

338 691 543 737 sententia
563 690 651 734 sine
679 688 765 733 ulla
787 688 1031 733 defensione
1057 688 1311 735 damnandi.
1337 689 1468 745 Quod
1491 690 1525 734 si
1545 696 1721 734 sanctus

337 761 592 824 Cyprianus
610 758 909 811 arbitraret-ur,
925 773 1012 802 non
1030 775 1181 803 eorum
1196 758 1488 804 defensionem
1504 760 1719 805 continuo·

336 832 593 890 subjiceret,
617 828 765 873 dicens
786 846 796 873 :
821 849 839 869 «
863 830 1014 873 Nonne
1028 828 1090 873 illi
1106 865 1115 882 ,
1134 828 1401 887 cnmjudicii
1420 829 1509 874 dies
1530 829 1714 881 venerit,

337 900 484 945 dicent
509 916 519 943 ε
552 900 639 943 Nos
659 897 769 942 nihil
790 898 971 943 fecimus
989 935 999 952 ,
1027 915 1105 943 nec
1131 898 1336 944 derelicto
1358 899 1460 944 cibo
1485 909 1526 944 et
1557 898 1720 962 poculo·

340 969 517 1016 Domini
541 1005 552 1023 ,
601 967 655 1012 ad
694 967 879 1030 profana
918 968 1115 1027 contagia
1155 979 1308 1030 sponte
1347 968 1678 1032 properavimus
1702 984 1714 1011 z

342 1040 534 1117 perdidit
556 1055 632 1084 nos
656 1038 794 1083 aliena
826 1037 1006 1100 perfidia
1028 1074 1038 1093 ,
1076 1049 1277 1100 parentes
1302 1039 1509 1084 sensimus
1531 1039 1716 1102 parrici-

341 1112 417 1157 das
444 1127 454 1154 :
484 1110 510 1154 i
503 1109 544 1154 li
563 1108 689 1153 nobis
713 1107 889 1152 Ecclesi
891 1125 944 1151 nn
975 1118 1181 1153 matrem.
1205 1107 1267 1152 illi
1292 1118 1457 1170 patrem
1480 1108 1717 1153 Dominum

340 1188 631 1240 negaverunt,
656 1187 702 1222 ut
721 1177 826 1222 dum
850 1193 977 1240 parvl
992 1187 1033 1222 et
1052 1177 1306 1254 improvidi,
1327 1188 1368 1222 et
1386 1188 1494 1222 tanti
1516 1177 1718 1222 facinoris

338 1250 477 1311 ignaii
502 1266 580 1313 per
601 1248 704 1293 alios
729 1247 781 1292 ad
803 1248 1070 1292 consortium
1091 1247 1284 1292 criminis
1303 1247 1556 1307 jungimur,
1583 1246 1718 1293 aliena

337 1320 491 1366 fraude
510 1333 786 1381 caperemur.
777 1320 794 1347 ἵ)
817 1338 836 1357 »
861 1317 987 1362 Hanc
1001 1316 1291 1361 defensionem
1317 1334 1403 1362 non
1417 1317 1714 1372 subnecteret,

339 1392 420 1438 nisi
439 1389 718 1451 justissimam
735 1387 952 1444 crederet,
973 1398 1014 1432 et
1039 1388 1084 1432 in
1109 1387 1186 1432 Dei
1203 1387 1371 1446 judicio
1393 1387 1587 1450 parvulis
1608 1403 1714 1450 pro-

336 1462 545 1507 futuram.
586 1457 631 1502 Si
674 1457 789 1502 enim
825 1473 923 1502 vere
964 1456 1127 1502 dieitur
1164 1474 1174 1500 ε
1211 1457 1300 1502 Nos
1341 1457 1452 1502 nihil
1499 1457 1678 1503 fecimus
1702 1475 1714 1510 ;

341 1553 362 1573 «
387 1531 540 1577 Anima
563 1544 664 1591 quae
687 1527 957 1590 peccaverit,
976 1527 1069 1589 ipsa
1089 1527 1320 1580 morietur3
1342 1548 1361 1568 »
1382 1527 1541 1573 necilli
1560 1527 1622 1572 illi
1642 1542 1716 1589 pe·

335 1599 582 1649 ribuntsub
603 1597 680 1642 Dei
694 1601 812 1656 justo
827 1601 946 1656 justo
966 1597 1136 1656 J‘udicio
1155 1634 1165 1652 ‚
1189 1608 1298 1660 quos
1319 1608 1516 1660 parentes
1535 1614 1612 1644 suo
1628 1613 1715 1643 sce-

337 1673 423 1719 lere
442 1708 453 1727 ,
476 1678 691 1734 quantum
715 1667 767 1712 ad
792 1685 833 1712 se
849 1668 963 1730 ipsos
983 1668 1158 1722 attinet,
1183 1667 1483 1730 perdiderunt.

405 1741 480 1787 lv.
509 1737 623 1784 lllud
650 1754 750 1782 vero
770 1736 889 1800 quod
909 1737 953 1782 in
970 1737 1118 1782 eadem
1139 1748 1505 1783 commemoratur
1523 1736 1718 1800 Epistola

337 1811 572 1877 quamdam
587 1807 817 1872 parvulam
830 1807 1017 1852 turbatis
1035 1808 1079 1852 in
1097 1807 1243 1867 fugam
1268 1808 1540 1870 parentibus,
1556 1807 1718 1853 nutrici

338 1882 586 1929 derelictam
604 1914 613 1936 ,
634 1889 764 1940 atque
790 1878 846 1922 ab
863 1877 1010 1923 eadem
1031 1878 1199 1922 nutrice
1218 1878 1468 1923 doemonum
1490 1878 1720 1937 sacrilegiis

338 1954 575 2016 impactam
595 1986 605 2004 ,
631 1958 779 2011 postea
806 1948 851 1993 in
888 1947 1077 1993 Ecclesia
1113 1947 1279 1992 illatam
1304 1948 1387 1993 sibi
1407 1948 1713 1993 eucharistiam

342 2025 460 2070 miris
478 2020 669 2067 motibus
684 2019 894 2081 respuisse
914 2039 925 2072 3
947 2019 1044 2064 ideo
1074 2019 1182 2064 mihi
1201 2019 1373 2065 videtur
1393 2019 1601 2065 divinitus
1620 2019 1715 2065 fac-

341 2107 461 2149 tum,
495 2108 549 2136 ne
589 2093 770 2149 majores
795 2099 998 2151 putarent
1038 2089 1150 2134 nihil
1178 2106 1219 2134 se
1259 2090 1303 2134 in
1346 2089 1551 2152 parvulos
1577 2090 1620 2134 in
1643 2088 1718 2135 illa

338 2165 566 2228 iniquitate
598 2176 800 2224 peccare,
829 2159 901 2204 sed
943 2160 1088 2223 potius
1132 2159 1444 2219 intelligerent,
1482 2178 1560 2223 per
1591 2160 1715 2205 illum

339 2234 652 2295 significantem
683 2229 1012 2292 quodammodo
1038 2240 1203 2288 gestum
1226 2231 1421 2293 corporis
1444 2240 1593 2275 eorum
1611 2267 1620 2283 ‚
1641 2229 1718 2293 qui

339 2305 462 2369 loqui
500 2320 586 2348 non
625 2310 855 2364 poterant,
878 2317 919 2345 se
947 2300 1204 2345 mirabiliter
1236 2300 1458 2346 admoneri
1496 2300 1604 2364 quid
1637 2300 1720 2363 ipsi

335 2377 475 2422 facere
498 2373 730 2427 deberent,
755 2371 829 2434 qui
851 2381 951 2434 post
977 2381 1149 2415 tantum
1169 2369 1279 2416 illud
1304 2370 1420 2415 nefas
1441 2370 1718 2416 sacramentis

336 2444 601 2493 salutaribus
626 2441 878 2496 irruebant,
909 2440 1024 2486 unde
1055 2457 1096 2485 se
1117 2440 1269 2503 utique
1291 2439 1553 2504 poenitendo
1578 2440 1718 2486 ab·sti-·

337 2533 437 2564 nere
470 2514 691 2560 deberent.
722 2512 811 2556 Nec
835 2526 937 2556 cum
959 2510 1044 2556 tale
1063 2510 1230 2574 aliquid
1265 2509 1413 2556 divina
1442 2509 1718 2573 providentia·

338 2604 415 2655 per
433 2582 669 2634 infantulos
693 2580 805 2643 agit,
823 2581 938 2646 ipsos
952 2580 998 2628 id
1012 2598 1134 2643 agere
1159 2580 1337 2628 scientia
1358 2579 1425 2627 vel
1440 2580 1604 2627 ratione
1628 2592 1716 2627 cre-
