1902 3268
374 258 433 301 50
799 272 833 300 s.
877 266 1120 300 Aucusrlm
1159 269 1362 300 Erlscom

371 335 575 383 formido.
613 336 727 381 Cum
751 335 868 381 enim
902 335 1126 381 hominem
1161 335 1397 381 christiana
1429 336 1640 383 charitate
1668 337 1752 384 fla-

374 417 591 466 gramen),⁴
612 422 746 470 eaque
771 405 879 450 mihi
897 406 1069 451 fidelem
1096 406 1283 451 amicum
1308 405 1473 451 factum
1490 424 1576 453 esse
1594 407 1750 463 senti03

375 476 594 540 quidquid
613 477 651 522 ei
679 474 959 521 consiliorum
990 492 1185 521 meorum
1204 476 1605 541 cogitationumque
1629 495 1753 524 com-

375 548 525 600 mitto,
544 564 630 593 non
651 546 822 592 homini
842 547 1073 592 committo
1090 584 1099 601 ‚
1126 546 1198 592 sed
1221 548 1309 604 illi,
1333 548 1378 593 in
1401 564 1490 612 quo
1510 560 1677 605 manet,
1706 559 1754 594 ut

376 618 470 664 talis
491 619 558 665 sih
586 639 606 659 «
628 617 745 663 Deus
767 617 881 662 enim
908 617 1099 663 charitas
1123 627 1211 672 est3
1240 620 1375 682 etqui
1399 631 1547 664 manet
1570 620 1615 665 in
1641 620 1753 665 cha-

378 712 392 729 n
407 690 550 745 ritate,
582 689 628 735 in
652 690 743 734 Deo
771 700 933 744 manet,
962 699 1003 734 ct
1027 689 1142 734 Deus
1167 688 1214 734 in
1243 688 1316 733 eo'1
1341 707 1352 733 ε
1375 707 1396 731 )>
1420 707 1552 753 quam
1574 690 1607 736 si
1632 690 1755 736 dese-

372 762 531 815 ruerit,
560 770 730 805 tantum
753 759 884 805 faciat
901 775 1070 805 necesse
1087 770 1149 804 est
1164 759 1358 805 dolorem
1380 797 1391 816 ,
1421 771 1633 824 quantum
1660 771 1756 806 ma-

372 848 477 877 nens
515 829 680 876 fecerat
718 830 943 890 gaudium.
987 831 1295 877 Verumtamen
1336 847 1385 876 ex
1424 831 1565 878 amico·
1601 833 1756 877 intimo

370 902 509 948 factus
524 901 727 947 inimicus
745 938 755 956 ,
777 912 947 964 quaerat
964 901 1047 947 sibi
1068 902 1238 965 potius⁷
1263 901 1384 966 quod
1406 903 1541 962 fingat
1558 912 1723 948 astutus
1741 923 1752 956 ;

371 990 459 1018 non
480 972 674 1018 inveniat
686 971 807 1035 quod
824 972 1146 1035 prodatiratus.
1175 974 1271 1019 Hoc
1298 984 1440 1019 autem
1459 973 1756 1037 unusquisque

369 1043 496 1089 facile
520 1045 778 1107 assequitur,
816 1060 904 1088 non
929 1043 1196 1090 occultando
1224 1045 1345 1108 quod
1368 1044 1539 1101 fecerit,
1566 1044 1639 1089 sed
1670 1061 1755 1089 non

368 1114 569 1160 faciendo
606 1114 728 1178 quod
765 1114 977 1160 occultari
1015 1114 1132 1161 velit.
1178 1115 1310 1172 Quod
1344 1114 1641 1161 misericordia
1679 1115 1757 1160 Dei

370 1186 498 1230 lionis
517 1185 690 1248 piisque
709 1184 912 1230 concedit
932 1195 980 1230 ut
996 1184 1110 1231 inter
1124 1186 1303 1242 amicos,
1325 1186 1546 1250 quoslibet
1564 1185 1753 1241 futuros,

371 1256 498 1316 liberi
521 1256 748 1320 securique
772 1267 1013 1311 versentur,
1038 1256 1175 1302 aliena
1208 1268 1390 1320 peccata
1418 1257 1500 1302 sibi
1529 1258 1755 1302 commissa

373 1344 459 1372 non
482 1326 697 1390 prodant3
720 1341 821 1390 quae
841 1327 971 1390 prodi
991 1327 1199 1383 timeant,
1221 1327 1439 1391 ipsinulla
1457 1327 1749 1373 committant.

372 1397 484 1442 Cum
511 1397 626 1442 enim
647 1396 803 1442 falsum
827 1397 936 1460 quid
956 1415 979 1442 a
998 1397 1212 1443 maledico
1245 1398 1443 1458 fingitur3
1473 1407 1548 1442 aut
1575 1397 1756 1442 omnino

373 1485 459 1513 non
479 1468 700 1524 creditur3
719 1478 795 1513 aut
818 1469 1116 1528 certeintegra
1139 1469 1290 1525 salute,
1313 1468 1401 1514 sola
1421 1467 1537 1513 fama
1560 1477 1750 1513 vexatur.

373 1541 486 1583 (lum
503 1549 647 1584 autem
661 1538 825 1584 malum
837 1549 1130 1602 perpetratur,
1143 1539 1280 1585 hostis
1291 1550 1352 1585 est
1364 1539 1545 1584 intimus
1560 1575 1570 1594 ,
1591 1538 1757 1583 etiamsi

371 1610 533 1655 nullius
563 1610 706 1655 intimi
730 1609 995 1674 loquacitate
1032 1621 1107 1656 aut
1132 1611 1206 1656 lite
1226 1609 1441 1670 vulgetur.
1473 1610 1757 1672 Quapropter

371 1681 467 1744 quis
488 1680 773 1743 prudentium
797 1697 886 1725 non
899 1681 1045 1727 videat
1061 1718 1071 1737 ‚
1097 1682 1228 1726 etiam
1253 1692 1301 1726 tu
1320 1698 1453 1744 quam
1471 1680 1758 1725 tolerabiliter

373 1752 482 1796 feras
517 1750 766 1797 amicissimi
797 1751 1020 1813 quondam
1055 1763 1097 1797 et
1126 1751 1448 1797 familiarissimi
1479 1748 1756 1795 incredibiles

374 1839 492 1867 nunc
521 1822 794 1877 inimicitias,
818 1821 1068 1868 consolante
1086 1822 1375 1875 conscientia3
1405 1831 1446 1866 et
1465 1819 1754 1883 quemadmo-

377 1892 483 1937 dum
516 1891 583 1937 vel
613 1891 732 1954 quod
760 1892 957 1950 jactitat,
986 1892 1055 1938 vel
1094 1892 1214 1955 quod
1239 1910 1260 1936 a
1283 1890 1548 1955 quibusdam
1579 1889 1760 1935 forsitan

377 1962 588 2016 creditur,-
615 1962 659 2007 in
687 1962 867 2007 sinistris
894 1962 1024 2006 armis
1059 1962 1267 2025 deputes,
1308 1962 1470 2025 quibus
1497 1978 1581 2006 non
1618 1961 1761 2005 minus

379 2050 509 2097 quam
545 2032 701 2078 dextris
737 2042 890 2077 contra
915 2033 1143 2078 diabolum
1168 2034 1431 2079 dimicatur?
1454 2033 1759 2077 Verumtamen

379 2104 503 2149 illum
521 2103 749 2149 maluerim
763 2103 909 2167 aliquo
923 2103 1054 2149 modo
1074 2104 1288 2149 mitiorem
1302 2142 1313 2161 ,
1329 2121 1462 2168 quam
1478 2114 1517 2148 te
1531 2103 1611 2148 isto
1632 2101 1760 2147 modo

381 2174 669 2220 armatiorem.
701 2175 797 2219 Hoc
834 2191 1040 2234 magnum
1071 2185 1112 2220 et
1147 2175 1265 2220 triste
1303 2174 1563 2219 miraculum
1601 2183 1686 2227 est,
1714 2189 1761 2216 ex

380 2245 583 2291 amicitiis
597 2245 757 2290 talibus
771 2245 826 2290 ad
843 2245 926 2290 has
946 2245 1195 2291 inimicitias
1208 2246 1452 2309 pervenisse
1465 2263 1475 2298 3
1496 2244 1646 2290 laetum
1661 2243 1755 2297 erit,

380 2327 421 2361 et
446 2317 583 2361 multo
604 2320 743 2375 majus
762 2354 772 2373 ,
800 2333 847 2361 ex
873 2316 1114 2362 inimicitiis
1137 2318 1299 2363 talibus
1321 2316 1373 2362 ad
1406 2315 1632 2379 pristinam
1654 2331 1763 2360 con-

377 2387 570 2434 cordiam
590 2389 825 2434 revertisse.

424 2473 433 2493 1
461 2483 471 2501 ι
495 2473 656 2508 Joan.1v‚
678 2474 732 2503 ati.
