1902 3268
412 300 502 354 4¹2
816 313 849 343 s.
894 313 1140 345 Aucus‘rim
1179 314 1381 345 Episcom

388 378 538 435 ¹vellet:
562 377 719 424 audiri.
741 379 881 441 Atque
898 376 994 423 ideo
1018 395 1104 422 non
1128 376 1294 440 placuit
1321 379 1409 424 Deo
1430 415 1439 435 ,
1467 380 1566 443 quia
1592 380 1795 444 placebat

406 448 489 494 sibi
525 466 535 493 ε
570 448 779 511 quoniam
816 447 1043 510 dissipavit
1082 449 1295 495 Dominus
1330 467 1421 496 ossa
1453 450 1683 497 hominum
1710 451 1795 498 sibi

410 519 695 582 placentium.
735 539 754 557 «
774 517 956 562 Confusi
1001 529 1123 572 sunt,
1152 518 1320 581 inquit,
1350 523 1451 583 quia
1482 523 1644 585 sprevit
1669 521 1789 579 illos,

410 612 428 630 υ
452 590 525 652 qui
547 606 624 634 cor
646 588 814 633 humile
838 598 879 632 et
907 590 1253 634 contribulatum
1276 608 1362 634 non
1378 591 1587 654 spernit'¹.
1611 614 1630 633 »

474 661 556 707 ΙΙΙ.
588 681 607 700 α
628 659 825 722 Denique
844 669 884 704 et
907 659 951 704 in
969 661 1062 723 ipsa
1086 659 1308 718 Evangelii
1327 661 1559 722 parabola,
1578 678 1663 725 qua
1678 663 1795 709 Pha-

409 730 518 776 risaei
543 741 584 777 et
603 730 840 776 Publicani
862 748 1046 793 persona
1072 730 1343 786 conscium-2,
1373 731 1590 777 evidenter
1607 732 1796 780 ostendit

405 802 496 864 ipse
528 801 745 847 Dominus
767 800 875 865 quid
900 802 944 846 in
980 802 1158 846 homine
1179 802 1411 864 suscipiat,
1442 802 1550 865 quid
1579 803 1790 866 repellat,

406 873 519 917 sicut
544 872 758 935 scriptum
780 882 867 927 est;
888 893 907 912 «
926 872 1041 928 Quia
1068 873 1182 917 Deus
1216 872 1416 934 superbis
1439 873 1594 918 resistit
1613 910 1624 929 ‚
1647 873 1796 919 humi-

407 963 427 983 »
452 942 568 986 libus
606 952 747 987 autem
790 941 865 987 dat
900 942 1125 1002 gratiam?
1153 964 1172 982 >1
1211 942 1315 987 ldeo
1356 954 1622 1005 protestatur
1658 943 1794 1003 magis

399 1012 691 1072 Justificatunt
715 1012 869 1058 abiisse
889 1031 910 1058 e
938 1013 1099 1076 templo
1126 1013 1418 1059 Publicanum
1446 1013 1499 1059 de
1528 1013 1794 1060 confessione

407 1093 688 1146 peccatorum
723 1100 899 1128 suorum
920 1121 929 1139 ‚
968 1101 1100 1146 quam
1127 1084 1399 1129 Pharisaeum
1427 1084 1481 1129 de
1503 1083 1794 1148 imputatione

402 1154 671 1215 justitiarum
696 1171 887 1201 suarum.
921 1155 1078 1200 Merito
1105 1165 1244 1201 autem
1279 1155 1350 1200 ille
1377 1155 1578 1201 laudator
1602 1155 1666 1201 sui
1685 1192 1696 1211 ‚
1720 1172 1794 1201 re-

404 1224 613 1288 pudiatus
632 1225 838 1271 abscessit
861 1243 883 1270 a
905 1224 1013 1270 facie
1038 1226 1112 1271 Dei
1129 1263 1138 1281 ‚
1175 1225 1252 1289 qui
1272 1241 1371 1270 cum
1396 1226 1492 1288 ipso
1515 1225 1690 1270 nomine
1711 1242 1794 1288 pe-

405 1296 545 1341 ritiam
568 1296 692 1356 Legis
713 1296 938 1360 praeferret
953 1333 963 1352 ‚
988 1296 1151 1342 oblitus
1171 1296 1310 1342 fuerat
1330 1296 1375 1341 in
1396 1295 1619 1360 Propheta
1639 1295 1795 1341 dieen-

404 1377 488 1412 tcm
530 1367 773 1413 Dominum
813 1385 824 1413 z
868 1390 888 1409 «
920 1367 1065 1431 Super
1106 1384 1236 1432 quem
1281 1367 1498 1413 habitabo
1541 1366 1622 1413 nisi
1661 1382 1792 1430 super

405 1461 422 1479 »
452 1438 666 1484 humilem
692 1448 733 1484 et
758 1439 953 1502 quietum
974 1449 1016 1484 et
1047 1449 1298 1484 trementem
1325 1454 1543 1483 sermones
1563 1436 1743 1483 meosh'?
1770 1458 1791 1480 >³

408 1509 484 1553 Ille
508 1520 651 1555 antem
678 1509 721 1554 iu
759 1509 889 1555 corde
912 1510 1101 1554 contrito
1131 1509 1196 1554 sui
1234 1518 1461 1554 accusator
1484 1507 1718 1571 accipitur,
1747 1517 1790 1555 et

401 1580 571 1625 obtinet
589 1581 758 1626 veniam
780 1580 833 1625 de
858 1579 1061 1625 confessis
1084 1579 1273 1643 peccatis
1298 1588 1480 1641 propter
1502 1577 1684 1637 gratiam
1708 1576 1793 1624 hu-

402 1649 594 1695 militatis
612 1687 622 1706 ‚
670 1661 820 1695 sancto
856 1650 931 1696 illo
970 1650 1193 1695 Pharisaeo
1237 1648 1420 1712 (quales
1455 1647 1602 1693 Judaei
1642 1647 1794 1696 Sancti

401 1726 526 1781 sunt)
546 1732 795 1785 reportante
823 1721 1036 1767 sarcinam
1064 1731 1345 1784 pcccatorum
1365 1718 1643 1779 dejactantia
1670 1734 1793 1763 sanc-

401 1791 550 1838 titutis.
576 1793 719 1856 Ipsius
736 1792 942 1838 nimirum
969 1802 1068 1837 sunt
1096 1792 1235 1837 forma
1263 1790 1408 1835 Judaei
1428 1789 1519 1845 illi,
1548 1788 1601 1834 de
1624 1787 1791 1852 quibus

401 1863 638 1927 Apostolus
662 1864 750 1909 ait:
775 1885 793 1904 r<
817 1862 949 1922 Quod
966 1862 1310 1922 suaijstitiam
1333 1871 1519 1906 statuere
1538 1861 1786 1923 cupientes,

400 1955 419 1974 »
447 1951 547 1997 quae
571 1952 616 1979 ex
647 1935 759 1995 Lege
786 1945 871 1991 est,
909 1934 1092 1994 Justitiae
1131 1933 1209 1979 Dei
1231 1950 1319 1977 non
1354 1941 1454 1977 sunt
1480 1931 1665 1990 subjecti
1688 1946 1790 1994 quae

400 2025 419 2046 »
444 2015 505 2050 est
526 2023 571 2050 ex
592 2005 701 2061 fide,
725 2023 827 2068 quae
856 2016 1055 2069 reputata
1082 2014 1143 2049 est
1166 2003 1282 2067 patri
1302 2013 1448 2048 nostro
1479 2001 1703 2047 Abraham
1732 1999 1789 2047 ad

399 2076 651 2135 »justitiam
672 2113 682 2131 ,
724 2094 811 2121 non
844 2094 888 2121 cx
924 2076 1132 2138 operibus
1149 2112 1158 2130 ‚
1196 2074 1297 2138 quia
1322 2071 1562 2118 secundum
1588 2070 1791 2134 omnipo-

399 2167 418 2189 »
444 2149 622 2195 tentiam
650 2149 728 2194 Dei
748 2149 934 2194 credidit
962 2150 1053 2194 Deo
1077 2165 1088 2192 :
1120 2147 1239 2211 apud
1258 2163 1388 2211 quem
1418 2144 1489 2190 ille
1515 2161 1612 2189 vere
1640 2147 1786 2202 justus

398 2239 418 2261 ›>
443 2230 504 2265 est
520 2258 529 2272 ,
552 2221 628 2284 qui
649 2237 697 2265 cx
717 2220 802 2265 fide
830 2220 963 2266 vivitss‘
991 2237 1002 2264 ·.
1033 2242 1052 2260 >2
1075 2235 1153 2264 nec
1190 2219 1374 2263 Sanctus
1395 2216 1437 2261 in
1459 2226 1573 2261 terra
1604 2225 1690 2267 est,
1712 2213 1787 2260 sed

395 2290 440 2336 in
460 2291 601 2348 coelo,
630 2290 733 2355 quia
769 2308 855 2337 non
882 2308 1038 2346 carne,
1072 2289 1144 2335 sed
1182 2289 1349 2353 Spiritu
1384 2286 1581 2334 ambulat
1615 2304 1626 2331 z
1660 2288 1787 2346 cujus

396 2362 667 2408 conversatio
697 2362 739 2407 in
761 2362 884 2408 coelis
901 2372 989 2414 est3
1030 2378 1114 2406 non
1142 2359 1367 2420 gloriantis
1388 2358 1432 2404 in
1453 2356 1785 2404 circumcisione

357 2442 363 2444 ⁷
395 2433 560 2490 carnis,
585 2432 657 2479 sed
682 2433 727 2479 in
755 2432 1089 2479 circumcisione
1108 2431 1252 2478 cordis
1270 2447 1370 2495 quae
1390 2446 1477 2475 non
1510 2428 1651 2473 littera
1667 2464 1679 2483 ‚
1711 2423 1784 2472 sed

442 2551 450 2571 ¹
472 2550 552 2584 Psail.
575 2552 683 2589 1‚11‚6.
702 2568 744 2574 -
764 2549 779 2572 2
797 2552 872 2587 Luc.
891 2561 985 2587 xvxii,
1012 2559 1059 2582 to.
1073 2568 1113 2574 -—
1128 2546 1142 2572 3
1156 2549 1269 2583 Jacob.
1291 2559 1335 2587 xv,
1356 2548 1445 2582 6.-
1462 2543 1569 2582 ⁴1sa'1',
1594 2555 1679 2585 uvi,
1695 2554 1784 2577 ².—

395 2602 409 2627 5
426 2607 517 2638 Rom.
538 2616 570 2650 x,
591 2606 620 2644 3,
635 2611 665 2637 et
681 2609 773 2639 Rom.
792 2617 834 2644 ιν,
855 2617 888 2639 2.
