1902 3268
351 266 409 309 os»
771 280 804 308 s.
852 278 1092 309 mansium
1130 278 1332 309 Ertsstort

347 348 472 391 meo‘)
502 344 602 391 Scio
625 354 664 390 te
677 344 803 408 plum
828 343 978 390 audiie
1003 361 1146 408 posse,
1171 344 1203 389 si
1233 343 1410 388 Christo
1438 358 1583 388 aurem
1595 358 1727 422 ‚pmi-

348 414 476 472 heas,
507 425 549 461 et
582 431 630 461 ex
654 415 747 478 ipsa
779 424 853 459 tua
891 415 1154 477 possessione
1179 413 1400 460 admoneri
1427 430 1558 476 quam
1593 413 1728 476 impia

347 496 498 532 contra
520 486 747 532 Christum
770 484 1027 547 loquamini.
1060 485 1104 530 Si
1134 485 1248 530 enim
1274 484 1470 530 humano
1488 487 1588 543 jure
1610 501 1723 547 prae-

347 557 478 602 sumis
503 557 626 601 firme
651 565 691 599 te
710 553 931 618 possidere
953 554 1073 617 quod
1092 555 1229 600 emisti
1249 565 1426 614 argento
1441 564 1533 609 tuo,
1557 564 1726 618 quanto

347 626 513 672 firmius
537 624 688 671 divino
706 628 807 685 J'ure
831 624 1024 688 possidet
1041 624 1240 671 Christus
1258 625 1377 688 quod
1397 624 1501 671 emit
1524 624 1729 683 sanguine

349 700 456 744 suo?
486 699 542 744 Et
575 696 646 743 ille
685 696 865 760 quidem
891 696 1148 742 inconcusse
1171 695 1411 759 possidebit
1442 706 1579 741 totum
1610 695 1730 759 quod

347 768 482 825 emit,
515 767 567 813 de
601 784 689 831 quo
714 767 883 813 dictum
917 778 1002 823 est,
1044 788 1064 808 ε(
1085 766 1400 813 Dominabitur
1418 784 1439 811 a
1462 766 1570 812 mari
1597 782 1732 830 usque

351 860 370 880 »
389 838 444 884 ad
464 855 602 896 mare,
627 848 668 884 et
685 857 706 884 a
725 838 905 884 flumine
924 854 1060 901 usque
1086 837 1140 883 ad
1168 837 1372 883 terminos
1391 837 1510 882 orbis
1526 847 1652 882 terrae
1665 836 1731 883 4.»

350 909 436 955 Sed
455 920 569 955 certe
592 908 815 973 quomodo
846 908 1032 954 confidis
1054 925 1142 954 non
1177 918 1215 955 te
1237 908 1514 972 perditurum
1541 907 1662 972 quod
1686 908 1732 953 in

351 979 498 1027 Africa
522 980 680 1026 videris
703 979 879 1036 emisse,
906 981 982 1044 qui
1007 979 1231 1026 Christum
1254 979 1363 1025 dicis
1382 989 1472 1025 toto
1497 978 1603 1025 orbe
1627 995 1731 1043 per-

349 1051 442 1098 dito
460 1051 516 1099 ad
544 1051 677 1098 solam
700 1051 891 1098 Africam
912 1050 1193 1097 remansisse?

417 1124 475 1169 II.
495 1123 616 1179 Quid
636 1123 772 1169 multa
787 1125 806 1168 9
821 1122 866 1168 Si
878 1122 1102 1169 voluntate
1121 1139 1197 1168 sua
1218 1121 1533 1185 Mappalienses
1552 1120 1596 1166 in
1614 1130 1733 1166 tuam

352 1193 707 1240 communionem
735 1192 1026 1249 transierunt,
1063 1192 1214 1238 ambos
1246 1209 1322 1237 nos
1354 1191 1561 1246 audiant,
1601 1191 1660 1237 ita
1686 1202 1734 1236 ut

353 1264 601 1310 scribantur
630 1281 731 1329 quae
756 1264 950 1310 dicemus
969 1301 980 1320 ,
1019 1274 1060 1309 et
1087 1281 1108 1308 a
1134 1262 1261 1308 nobis
1285 1262 1532 1325 subscripta
1559 1262 1616 1308 eis
1646 1277 1736 1326 pu-

354 1336 452 1381 nice
477 1337 848 1400 interpretentur3
884 1346 926 1380 et
951 1345 1117 1381 remoto
1149 1333 1302 1379 timore
1326 1331 1634 1378 dominationis
1656 1331 1735 1377 eli-

355 1407 591 1471 gantquod
605 1406 835 1454 voluerint.
870 1408 929 1452 Ex
947 1406 998 1452 iis
1021 1406 1134 1452 enim
1153 1422 1254 1469 quae
1272 1403 1467 1450 dicemus
1482 1403 1728 1469 apparebit,

354 1488 503 1524 utrum
522 1479 661 1525 coacti
682 1479 726 1524 in
749 1478 934 1524 falsitate
949 1487 1197 1523 remaneant
1217 1513 1227 1532 ,
1256 1493 1310 1521 an
1339 1475 1529 1522 volentes
1564 1482 1737 1519 teneant

356 1549 596 1597 veritatem.
626 1550 671 1596 Si
699 1549 812 1596 enim
843 1549 941 1594 haec
970 1566 1056 1594 non
1088 1547 1362 1608 intelligunt,
1390 1563 1476 1610 qua
1500 1545 1738 1591 temeritate

358 1620 585 1667 traduxisti
603 1638 691 1666 non
711 1619 1023 1680 intelligentes?
1043 1619 1076 1664 si
1095 1628 1237 1664 autem
1256 1616 1503 1677 intelligunt
1526 1652 1536 1671 ,
1566 1615 1733 1671 ambos,

358 1701 408 1738 ut
430 1691 541 1750 dixi,
558 1691 753 1749 audiant,
772 1701 814 1737 et
832 1690 951 1755 quod
976 1690 1194 1737 voluerint
1210 1688 1386 1734 faciant.
1418 1687 1463 1732 Si
1480 1703 1580 1751 quae
1609 1685 1738 1731 etiam

358 1762 507 1826 plebes
524 1781 547 1808 a
569 1762 694 1809 vobis
728 1762 781 1809 ad
816 1780 893 1808 nos
928 1762 1205 1815 transierunt,
1229 1775 1336 1822 quas
1354 1768 1482 1822 putas
1502 1775 1523 1802 a
1552 1755 1740 1802 dominis

361 1847 549 1893 coactas,
576 1836 665 1882 hoc
690 1846 732 1882 et
752 1836 814 1883 ibi
839 1837 940 1892 fiat,
976 1836 1125 1881 ambos
1151 1851 1229 1879 nos
1254 1832 1437 1880 audiant
1459 1868 1469 1887 ‚
1497 1841 1539 1876 et
1572 1829 1734 1889 eligant

361 1907 483 1971 quod
502 1907 730 1971 placuelit.
753 1908 799 1953 Si
820 1918 963 1953 autem
989 1925 1076 1953 non
1091 1907 1155 1952 vis
1173 1905 1260 1950 hoc
1279 1903 1585 1960 fie1i‚cuinon
1604 1918 1740 1965 appa-

362 1989 556 2023 reatnon
574 1994 650 2024 vos
673 1977 726 2023 de
753 1977 933 2023 veiitate
960 1978 1256 2042 praesumemff
1279 1973 1361 2020 Sed
1389 1971 1580 2020 cavenda
1600 1981 1661 2017 est
1679 1971 1742 2018 iia

362 2049 443 2094 Dei
465 2060 506 2094 et
531 2048 606 2094 hic
621 2048 722 2094 etin
745 2049 897 2095 futuio
917 2047 1091 2095 saeculo.
1130 2045 1297 2107 Adjuio
1325 2055 1363 2091 te
1383 2061 1461 2110 per
1481 2041 1706 2089 Christum
1725 2078 1737 2100 ,

363 2130 412 2165 ut
437 2118 522 2165 ad
512 2130 592 2165 ista
616 2118 890 2184 respondeas,

415 2220 425 2243 ¹
446 2217 529 2255 Psal.
548 2231 639 2263 Lxxx,
662 2221 692 2252 8.
