1902 3268
668 336 879 373 EmsrotA
917 342 1036 373 exn.
1445 335 1541 396 419

163 409 299 456 inesse
315 417 494 456 testatur
517 406 720 468 magister
739 408 930 455 veritatis
941 418 982 454 ct
1005 419 1146 455 tamen
1157 409 1298 473 ipsam
1315 411 1540 459 veritatem

163 477 381 540 religionis
402 478 536 526 inesse
558 478 778 540 abnegat?
803 480 926 526 Anne
950 480 1060 525 sorte
1077 480 1130 526 de
1149 481 1307 527 talibus
1322 481 1536 546 loquitur,

162 550 391 616 dequibus
415 550 469 598 ad
494 551 780 597 Timotheum
804 550 913 597 dicit
943 569 953 596 ι
995 573 1012 592 «
1036 552 1254 600 Habentes
1272 565 1413 600 autem
1439 571 1540 618 spe-

163 642 186 664 »
208 621 317 668 ciem
335 622 526 686 pietatis,
552 621 760 669 virtutem
792 626 882 682 ejus
905 622 1166 682 abnegantes
1189 624 1237 671 12³
1259 646 1280 667 ›>
1299 626 1425 686 Rogo
1442 641 1546 686 ergo

162 692 406 756 specialiter
421 693 520 739 haec
541 692 734 756 capitula
749 691 837 738 duo
853 691 906 737 de
921 692 1238 739 Colossensium
1258 695 1450 757 Epistola
1464 709 1546 758 per

161 762 332 823 singula
376 763 489 808 mihi
514 763 651 809 verba
691 761 898 808 dissolvas
915 798 926 818 ‚
971 765 1076 825 quia
1110 763 1410 810 laudabilibus
1445 780 1542 810 exe-

161 834 324 880 cranda
341 833 608 898 permiscuit.
634 832 756 890 Quid
777 843 842 878 est
867 835 985 878 enim
1023 843 1111 878 tam
1146 833 1384 892 laudabile,
1410 852 1544 899 quam

161 905 272 951 ratio
294 905 536 969 sapientiae,
564 914 605 950 et
629 903 737 967 quid
752 914 840 949 tam
865 903 1121 960 execrabile,
1138 920 1271 967 quam
1295 905 1546 969 superstitio

160 975 342 1022 erroris?
358 974 595 1021 Humilitas
609 990 785 1037 quoque
809 975 901 1019 Deo
922 973 1101 1036 placita,
1125 985 1166 1019 et
1183 975 1367 1021 maxime
1385 976 1431 1021 in
1443 992 1543 1022 vera

157 1045 364 1106 religione
388 1043 626 1091 laudabilis
641 1081 652 1100 ‚
690 1060 790 1090 cum
815 1044 980 1089 ratione
1020 1044 1243 1108 sapientiae
1264 1046 1368 1109 ipsis
1390 1046 1538 1103 datur,

158 1115 213 1162 de
235 1133 424 1180 quorum
449 1115 660 1161 doctrinis
681 1125 723 1161 et
745 1115 918 1160 actibus
939 1114 1103 1160 dicitur
1131 1116 1278 1173 nobis,
1312 1137 1333 1158 ε(
1356 1118 1419 1163 Ne
1440 1117 1542 1163 teti*

158 1207 180 1228 2>
205 1186 365 1247 geritis,
401 1202 540 1249 neque
565 1184 841 1245 gustaveritis
858 1221 868 1240 ,
897 1202 997 1247 quae
1022 1196 1122 1231 sunt
1144 1186 1189 1231 in
1227 1187 1499 1244 interitum2‚
1521 1209 1541 1231 »

158 1256 260 1320 quia
278 1273 366 1302 non
390 1265 491 1302 sunt
508 1273 555 1301 ex
582 1256 674 1301 Deo
691 1273 701 1300 ι
730 1266 772 1300 et
786 1272 912 1300 omne
924 1255 1043 1318 quod
1062 1272 1149 1300 non
1168 1267 1230 1302 est
1249 1273 1296 1302 ex
1321 1257 1425 1315 fide,
1441 1275 1544 1321 pec-

158 1336 306 1372 catum
329 1325 433 1373 estss.
465 1326 582 1371 Deus
608 1336 750 1371 autem
776 1325 1006 1388 dissipavit
1023 1325 1200 1371 consilia
1224 1328 1530 1391 sapientium,

158 1396 235 1458 qui
258 1397 350 1442 Deo
387 1395 510 1441 stulti
543 1405 644 1440 sunt
670 1411 750 1458 per
788 1394 1070 1457 prudentiam
1114 1395 1278 1453 carnis,
1320 1413 1421 1460 quae
1444 1415 1534 1444 non

156 1476 301 1529 potest.
314 1466 395 1526 legi
415 1465 495 1511 Dei
516 1481 603 1511 esse
624 1465 822 1525 subjecta
840 1465 873 1511 5.
907 1465 1126 1511 Scitenim
1151 1466 1433 1526 cogitationes
1447 1469 1540 1514 ho*

156 1536 345 1593 minum,
385 1535 596 1600 quoniam
629 1550 753 1582 vanae
800 1546 901 1581 sunt
919 1535 952 1582 ⁶.
1005 1534 1191 1592 Qualem
1225 1535 1541 1596 humilitatem,-

151 1607 412 1671 qualemque
435 1606 645 1653 rationem
672 1606 895 1669 sapientiae
915 1606 1219 1669 superstitioni
1240 1623 1289 1653 ex
1310 1607 1544 1656 hominum

156 1677 369 1724 doctrinis
386 1676 579 1725 venienti
597 1676 731 1722 inesse
756 1676 891 1733 dicat,
909 1676 1099 1739 requiro.
1130 1677 1186 1721 Et
1200 1677 1319 1739 quod
1340 1679 1415 1724 ait:
1432 1699 1453 1721 α
1470 1678 1540 1726 Ad

157 1769 178 1791 >³
199 1765 289 1794 nou
307 1746 582 1812 parcendum
602 1747 797 1809 corpori,
825 1763 914 1792 non
933 1746 979 1792 in
1000 1746 1166 1792 honore
1195 1746 1341 1811 aliquo
1359 1748 1414 1795 ad
1427 1759 1540 1797 satu-

156 1840 177 1861 »
199 1820 369 1866 ritatem
393 1818 534 1865 carnis
554 1816 589 1864 7.
613 1837 633 1859 ›>
653 1818 835 1864 Prorsus
849 1817 948 1862 haec
962 1833 1119 1881 parum
1134 1817 1346 1879 intelligo,
1369 1821 1473 1884 quia
1488 1821 1535 1868 in

154 1889 304 1936 eadem
325 1888 533 1936 sententia
556 1903 713 1948 magna
735 1887 850 1933 mihi
867 1886 1041 1934 videtur
1060 1904 1146 1934 esse
1161 1888 1364 1935 discretio
1383 1891 1536 1953 :sarbi-

154 1970 246 2006 tror
279 1960 393 2006 enim
417 1975 518 2006 eum
547 1957 602 2003 de
627 1957 888 2003 abstinentia
909 1957 1106 2021 qualibet
1127 1958 1231 2004 ficta
1256 1958 1324 2006 vel
1353 1959 1527 2019 inutili,

153 2031 296 2096 qualis
329 2030 436 2076 solet
477 2029 534 2075 ab
563 2027 783 2074 haereticis
831 2028 1021 2074 affectari
1041 2065 1052 2083 ,
1091 2028 1180 2074 hoc
1211 2028 1355 2075 dicere
1368 2067 1381 2087 ‚
1419 2051 1440 2073 c<
1465 2031 1534 2078 Ad

153 2123 176 2145 2>
200 2119 289 2149 non
307 2099 579 2166 parcendum
597 2099 799 2162 corpori:
821 2120 841 2142 >³
862 2099 984 2162 quod
1002 2108 1161 2154 autem,
1184 2099 1343 2158 adjecit
1358 2137 1372 2158 ,
1398 2102 1532 2149 «Non

153 2196 174 2216 »
195 2174 241 2220 in
263 2174 430 2219 honore
467 2170 631 2234 aliquo,
655 2189 676 2211 »
696 2170 799 2232 quia
825 2171 962 2216 sancti
991 2169 1131 2233 operis
1153 2170 1359 2232 speciem,
1381 2173 1530 2219 nonin

153 2244 241 2290 fide
260 2242 451 2290 veritatis
466 2250 704 2287 exercentes
722 2277 733 2297 ,
755 2240 917 2287 nullius
941 2241 1089 2301 gloriae
1113 2240 1280 2286 honore
1297 2241 1364 2288 vel
1382 2241 1532 2292 fructu

153 2326 287 2376 agunt
305 2313 426 2379 quod
446 2313 492 2358 in
507 2328 662 2371 magna
683 2311 839 2357 erroris
861 2311 1050 2374 perversi
1073 2310 1408 2373 reprehensione
1426 2330 1529 2361 con-

152 2386 325 2442 ficiunt,
351 2383 688 2443 transfigurante
705 2399 747 2427 se
775 2383 820 2427 in
840 2381 1060 2427 ministros
1079 2380 1276 2440 justitiae.
1303 2382 1389 2428 Sed
1407 2384 1528 2448 quod

153 2457 313 2517 adjecit
329 2493 340 2512 ,
363 2476 384 2498 <‹
408 2454 475 2500 Ad
504 2452 773 2499 saturitatem
803 2452 958 2498 carnis.
982 2472 1002 2493 >³
1024 2451 1294 2497 contrarium
1328 2453 1440 2500 mihi
1456 2456 1527 2503 vi-

154 2526 281 2573 detur
308 2525 372 2573 illi
399 2522 520 2588 quod
558 2522 695 2579 dicit,
734 2543 754 2564 <c
785 2521 855 2567 Ad
873 2539 959 2567 non
982 2520 1251 2584 parcendum
1272 2525 1476 2588 corpori:
1506 2548 1526 2570 »

203 2630 250 2660 12
267 2628 352 2660 Tim,
374 2638 424 2662 ιιι,
447 2627 528 2658 5,-
544 2622 561 2644 2
581 2623 698 2655 coloss.
716 2635 751 2661 n,
773 2633 878 2654 21.-—
896 2620 908 2643 3
925 2624 1017 2655 Rom.
1036 2633 1100 2659 xiv,
1117 2623 1218 2653 23.-
1235 2620 1249 2644 ⁴
1265 2617 1344 2656 Psal.
1362 2635 1462 2665 xxxii,
1482 2639 1528 2661 ιο.

155 2684 168 2708 5
188 2689 284 2718 Rom,
304 2691 378 2723 vin,
403 2678 608 2722 7.-1›'1‘sat‚
631 2689 722 2718 xum,
747 2686 795 2712 η,
814 2676 885 2701 -7
903 2678 1023 2711 Coloss.
1042 2686 1078 2716 ιι,
1094 2680 1148 2709 23.

1320 2743 1394 2792 27,
