<?xml version="1.0" encoding="UTF-8"?>
<!DOCTYPE html PUBLIC "-//W3C//DTD XHTML 1.0 Transitional//EN"
    "http://www.w3.org/TR/xhtml1/DTD/xhtml1-transitional.dtd">
<html xmlns="http://www.w3.org/1999/xhtml" xml:lang="en" lang="en">
 <head>
  <title>
</title>
<meta http-equiv="Content-Type" content="text/html;charset=utf-8" />
  <meta name='ocr-system' content='tesseract 3.04.00' />
  <meta name='ocr-capabilities' content='ocr_page ocr_carea ocr_par ocr_line ocrx_word'/>
</head>
<body>
  <div class='ocr_page' id='page_1' title='image "./operaomniaaccura39auguuoft/operaomniaaccura39auguuoft_0172.png"; bbox 0 0 1902 3268; ppageno 0'>
   <div class='ocr_carea' id='block_1_1' title="bbox 364 251 1761 2651">
    <p class='ocr_par' dir='ltr' id='par_1_1' title="bbox 364 251 1761 2651">
     <span class='ocr_line' id='line_1_1' title="bbox 388 251 1371 295; baseline -0.004 -1"><span class='ocrx_word' id='word_1_1' title='bbox 388 251 471 295; x_wconf 69' lang='lat'>162</span> <span class='ocrx_word' id='word_1_2' title='bbox 805 262 838 290; x_wconf 78' lang='lat' dir='ltr'>s,</span> <span class='ocrx_word' id='word_1_3' title='bbox 885 260 1130 291; x_wconf 64' lang='lat' dir='ltr'>Ano-osum</span> <span class='ocrx_word' id='word_1_4' title='bbox 1167 260 1371 291; x_wconf 71' lang='lat' dir='ltr'>EPISCOPI</span> 
     </span>
     <span class='ocr_line' id='line_1_2' title="bbox 381 326 1760 390; baseline -0.001 -16"><span class='ocrx_word' id='word_1_5' title='bbox 381 339 486 374; x_wconf 78' lang='lat' dir='ltr'>aetas</span> <span class='ocrx_word' id='word_1_6' title='bbox 510 327 586 373; x_wconf 81' lang='lat' dir='ltr'>fini</span> <span class='ocrx_word' id='word_1_7' title='bbox 610 326 803 390; x_wconf 77' lang='lat' dir='ltr'>proxima</span> <span class='ocrx_word' id='word_1_8' title='bbox 828 336 911 381; x_wconf 78' lang='lat' dir='ltr'>est,</span> <span class='ocrx_word' id='word_1_9' title='bbox 941 344 1100 389; x_wconf 75' lang='lat' dir='ltr'>cupere</span> <span class='ocrx_word' id='word_1_10' title='bbox 1124 337 1186 383; x_wconf 71' lang='lat' dir='ltr'>te,</span> <span class='ocrx_word' id='word_1_11' title='bbox 1207 338 1253 372; x_wconf 63' lang='lat' dir='ltr'>ut,</span> <span class='ocrx_word' id='word_1_12' title='bbox 1278 327 1462 390; x_wconf 83' lang='lat' dir='ltr'>patriam</span> <span class='ocrx_word' id='word_1_13' title='bbox 1490 338 1606 373; x_wconf 83' lang='lat' dir='ltr'>tuam</span> <span class='ocrx_word' id='word_1_14' title='bbox 1633 327 1760 373; x_wconf 85' lang='lat' dir='ltr'>iuco-</span> 
     </span>
     <span class='ocr_line' id='line_1_3' title="bbox 379 396 1761 460; baseline -0.001 -15"><span class='ocrx_word' id='word_1_15' title='bbox 379 399 541 445; x_wconf 82' lang='lat' dir='ltr'>lumem</span> <span class='ocrx_word' id='word_1_16' title='bbox 571 415 619 443; x_wconf 86' lang='lat' dir='ltr'>ac</span> <span class='ocrx_word' id='word_1_17' title='bbox 642 397 864 442; x_wconf 81' lang='lat' dir='ltr'>florentem</span> <span class='ocrx_word' id='word_1_18' title='bbox 885 396 1115 460; x_wconf 80' lang='lat' dir='ltr'>relinquas.</span> <span class='ocrx_word' id='word_1_19' title='bbox 1139 398 1369 443; x_wconf 78' lang='lat' dir='ltr'>Tollantur</span> <span class='ocrx_word' id='word_1_20' title='bbox 1390 397 1463 443; x_wconf 87' lang='lat' dir='ltr'>illa</span> <span class='ocrx_word' id='word_1_21' title='bbox 1489 398 1633 456; x_wconf 81' lang='lat' dir='ltr'>onmia</span> <span class='ocrx_word' id='word_1_22' title='bbox 1651 415 1761 443; x_wconf 80' lang='lat' dir='ltr'>vana</span> 
     </span>
     <span class='ocr_line' id='line_1_4' title="bbox 378 467 1759 522; baseline -0.001 -6"><span class='ocrx_word' id='word_1_23' title='bbox 378 480 421 516; x_wconf 86' lang='lat' dir='ltr'>et</span> <span class='ocrx_word' id='word_1_24' title='bbox 453 470 627 522; x_wconf 81' lang='lat' dir='ltr'>insana,</span> <span class='ocrx_word' id='word_1_25' title='bbox 656 477 966 512; x_wconf 77' lang='lat' dir='ltr'>convertantur</span> <span class='ocrx_word' id='word_1_26' title='bbox 986 467 1184 513; x_wconf 80' lang='lat' dir='ltr'>homines</span> <span class='ocrx_word' id='word_1_27' title='bbox 1212 469 1265 514; x_wconf 85' lang='lat' dir='ltr'>ad</span> <span class='ocrx_word' id='word_1_28' title='bbox 1291 486 1439 515; x_wconf 70' lang='lat' dir='ltr'>verum</span> <span class='ocrx_word' id='word_1_29' title='bbox 1474 470 1556 514; x_wconf 81' lang='lat' dir='ltr'>Dei</span> <span class='ocrx_word' id='word_1_30' title='bbox 1591 469 1759 515; x_wconf 83' lang='lat' dir='ltr'>cultum</span> 
     </span>
     <span class='ocr_line' id='line_1_5' title="bbox 378 537 1758 602; baseline -0.001 -15"><span class='ocrx_word' id='word_1_31' title='bbox 378 555 604 602; x_wconf 85' lang='lat' dir='ltr'>moresque</span> <span class='ocrx_word' id='word_1_32' title='bbox 637 547 775 582; x_wconf 75' lang='lat' dir='ltr'>castos</span> <span class='ocrx_word' id='word_1_33' title='bbox 799 547 840 582; x_wconf 87' lang='lat' dir='ltr'>et</span> <span class='ocrx_word' id='word_1_34' title='bbox 865 537 984 599; x_wconf 76' lang='lat' dir='ltr'>pi05‚</span> <span class='ocrx_word' id='word_1_35' title='bbox 1013 547 1117 582; x_wconf 83' lang='lat' dir='ltr'>tuuc</span> <span class='ocrx_word' id='word_1_36' title='bbox 1152 541 1337 600; x_wconf 82' lang='lat' dir='ltr'>patriam</span> <span class='ocrx_word' id='word_1_37' title='bbox 1374 551 1494 584; x_wconf 79' lang='lat' dir='ltr'>tuam</span> <span class='ocrx_word' id='word_1_38' title='bbox 1532 541 1758 587; x_wconf 81' lang='lat' dir='ltr'>florentem</span> 
     </span>
     <span class='ocr_line' id='line_1_6' title="bbox 377 606 1753 672; baseline 0 -16"><span class='ocrx_word' id='word_1_39' title='bbox 377 609 569 664; x_wconf 68' lang='lat' dir='ltr'>videbis,</span> <span class='ocrx_word' id='word_1_40' title='bbox 597 624 683 653; x_wconf 89' lang='lat' dir='ltr'>non</span> <span class='ocrx_word' id='word_1_41' title='bbox 696 606 902 670; x_wconf 72' lang='lat' dir='ltr'>opinione</span> <span class='ocrx_word' id='word_1_42' title='bbox 923 607 1152 652; x_wconf 85' lang='lat' dir='ltr'>stultorum</span> <span class='ocrx_word' id='word_1_43' title='bbox 1172 644 1181 659; x_wconf 73' lang='lat'><em>‚</em></span> <span class='ocrx_word' id='word_1_44' title='bbox 1198 608 1270 653; x_wconf 81' lang='lat' dir='ltr'>sed</span> <span class='ocrx_word' id='word_1_45' title='bbox 1285 609 1460 655; x_wconf 79' lang='lat' dir='ltr'>veritate</span> <span class='ocrx_word' id='word_1_46' title='bbox 1475 610 1753 672; x_wconf 83' lang='lat' dir='ltr'>sapientium,</span> 
     </span>
     <span class='ocr_line' id='line_1_7' title="bbox 373 677 1757 742; baseline 0 -15"><span class='ocrx_word' id='word_1_47' title='bbox 373 698 472 727; x_wconf 82' lang='lat' dir='ltr'>cum</span> <span class='ocrx_word' id='word_1_48' title='bbox 498 680 596 725; x_wconf 76' lang='lat' dir='ltr'>haec</span> <span class='ocrx_word' id='word_1_49' title='bbox 622 678 766 742; x_wconf 80' lang='lat' dir='ltr'>patria</span> <span class='ocrx_word' id='word_1_50' title='bbox 789 677 974 723; x_wconf 77' lang='lat' dir='ltr'>carnalis</span> <span class='ocrx_word' id='word_1_51' title='bbox 1005 678 1288 737; x_wconf 76' lang='lat' dir='ltr'>generationis</span> <span class='ocrx_word' id='word_1_52' title='bbox 1312 689 1422 735; x_wconf 59' lang='lat' dir='ltr'>tusce,</span> <span class='ocrx_word' id='word_1_53' title='bbox 1458 681 1604 742; x_wconf 81' lang='lat' dir='ltr'>portio</span> <span class='ocrx_word' id='word_1_54' title='bbox 1627 679 1757 727; x_wconf 86' lang='lat' dir='ltr'>fuerit</span> 
     </span>
     <span class='ocr_line' id='line_1_8' title="bbox 372 747 1755 814; baseline -0.001 -16"><span class='ocrx_word' id='word_1_55' title='bbox 372 752 489 798; x_wconf 76' lang='lat' dir='ltr'>illius</span> <span class='ocrx_word' id='word_1_56' title='bbox 514 750 690 814; x_wconf 56' lang='lat' dir='ltr'>patrm,</span> <span class='ocrx_word' id='word_1_57' title='bbox 718 747 788 793; x_wconf 87' lang='lat' dir='ltr'>cui</span> <span class='ocrx_word' id='word_1_58' title='bbox 824 765 909 792; x_wconf 89' lang='lat' dir='ltr'>non</span> <span class='ocrx_word' id='word_1_59' title='bbox 943 765 1150 811; x_wconf 76' lang='lat' dir='ltr'>corpore,</span> <span class='ocrx_word' id='word_1_60' title='bbox 1189 749 1259 794; x_wconf 82' lang='lat' dir='ltr'>sed</span> <span class='ocrx_word' id='word_1_61' title='bbox 1292 749 1378 795; x_wconf 82' lang='lat' dir='ltr'>fide</span> <span class='ocrx_word' id='word_1_62' title='bbox 1400 750 1649 804; x_wconf 82' lang='lat' dir='ltr'>nascimur3</span> <span class='ocrx_word' id='word_1_63' title='bbox 1678 751 1755 796; x_wconf 83' lang='lat' dir='ltr'>ubi</span> 
     </span>
     <span class='ocr_line' id='line_1_9' title="bbox 371 817 1755 882; baseline 0 -15"><span class='ocrx_word' id='word_1_64' title='bbox 371 837 519 867; x_wconf 86' lang='lat' dir='ltr'>omnes</span> <span class='ocrx_word' id='word_1_65' title='bbox 553 819 688 864; x_wconf 82' lang='lat' dir='ltr'>sancti</span> <span class='ocrx_word' id='word_1_66' title='bbox 724 828 766 862; x_wconf 90' lang='lat' dir='ltr'>et</span> <span class='ocrx_word' id='word_1_67' title='bbox 791 817 936 862; x_wconf 82' lang='lat' dir='ltr'>fideles</span> <span class='ocrx_word' id='word_1_68' title='bbox 970 818 1044 862; x_wconf 74' lang='lat' dir='ltr'>Dei</span> <span class='ocrx_word' id='word_1_69' title='bbox 1071 829 1169 881; x_wconf 78' lang='lat' dir='ltr'>post</span> <span class='ocrx_word' id='word_1_70' title='bbox 1193 820 1364 864; x_wconf 79' lang='lat' dir='ltr'>labores</span> <span class='ocrx_word' id='word_1_71' title='bbox 1395 819 1513 864; x_wconf 84' lang='lat' dir='ltr'>velut</span> <span class='ocrx_word' id='word_1_72' title='bbox 1534 820 1755 882; x_wconf 78' lang='lat' dir='ltr'><strong>hyemales</strong></span> 
     </span>
     <span class='ocr_line' id='line_1_10' title="bbox 371 889 1757 954; baseline -0.001 -16"><span class='ocrx_word' id='word_1_73' title='bbox 371 893 473 939; x_wconf 83' lang='lat' dir='ltr'>vitae</span> <span class='ocrx_word' id='word_1_74' title='bbox 492 891 648 950; x_wconf 83' lang='lat' dir='ltr'>hujus,</span> <span class='ocrx_word' id='word_1_75' title='bbox 672 889 901 934; x_wconf 79' lang='lat' dir='ltr'>intermina</span> <span class='ocrx_word' id='word_1_76' title='bbox 927 890 1166 935; x_wconf 60' lang='lat' dir='ltr'>aeternitate</span> <span class='ocrx_word' id='word_1_77' title='bbox 1186 890 1419 937; x_wconf 70' lang='lat' dir='ltr'>florebunt.</span> <span class='ocrx_word' id='word_1_78' title='bbox 1450 891 1587 936; x_wconf 83' lang='lat' dir='ltr'>Nobis</span> <span class='ocrx_word' id='word_1_79' title='bbox 1612 892 1757 954; x_wconf 85' lang='lat' dir='ltr'>itaque</span> 
     </span>
     <span class='ocr_line' id='line_1_11' title="bbox 370 960 1751 1023; baseline -0.001 -14"><span class='ocrx_word' id='word_1_80' title='bbox 370 962 493 1010; x_wconf 80' lang='lat' dir='ltr'>cordi</span> <span class='ocrx_word' id='word_1_81' title='bbox 522 972 608 1016; x_wconf 81' lang='lat' dir='ltr'>est,</span> <span class='ocrx_word' id='word_1_82' title='bbox 647 977 784 1023; x_wconf 84' lang='lat' dir='ltr'>neque</span> <span class='ocrx_word' id='word_1_83' title='bbox 812 960 1096 1005; x_wconf 70' lang='lat' dir='ltr'>christianam</span> <span class='ocrx_word' id='word_1_84' title='bbox 1123 962 1321 1006; x_wconf 80' lang='lat' dir='ltr'>amittere</span> <span class='ocrx_word' id='word_1_85' title='bbox 1344 961 1721 1008; x_wconf 80' lang='lat' dir='ltr'>mansuetudinem</span> <span class='ocrx_word' id='word_1_86' title='bbox 1739 1000 1751 1019; x_wconf 86' lang='lat'>,</span> 
     </span>
     <span class='ocr_line' id='line_1_12' title="bbox 370 1031 1754 1096; baseline -0.001 -16"><span class='ocrx_word' id='word_1_87' title='bbox 370 1050 511 1096; x_wconf 82' lang='lat' dir='ltr'>neque</span> <span class='ocrx_word' id='word_1_88' title='bbox 542 1032 835 1095; x_wconf 78' lang='lat' dir='ltr'>perniciosum</span> <span class='ocrx_word' id='word_1_89' title='bbox 867 1031 1033 1076; x_wconf 80' lang='lat' dir='ltr'>caeteris</span> <span class='ocrx_word' id='word_1_90' title='bbox 1064 1031 1317 1077; x_wconf 84' lang='lat' dir='ltr'>imitationis</span> <span class='ocrx_word' id='word_1_91' title='bbox 1341 1033 1584 1095; x_wconf 83' lang='lat' dir='ltr'>exemplum</span> <span class='ocrx_word' id='word_1_92' title='bbox 1611 1034 1656 1078; x_wconf 88' lang='lat' dir='ltr'>in</span> <span class='ocrx_word' id='word_1_93' title='bbox 1679 1033 1754 1079; x_wconf 80' lang='lat' dir='ltr'>illa</span> 
     </span>
     <span class='ocr_line' id='line_1_13' title="bbox 371 1100 1754 1165; baseline -0.001 -14"><span class='ocrx_word' id='word_1_94' title='bbox 371 1105 545 1151; x_wconf 82' lang='lat' dir='ltr'>civitate</span> <span class='ocrx_word' id='word_1_95' title='bbox 562 1102 819 1165; x_wconf 75' lang='lat' dir='ltr'>relinquere.</span> <span class='ocrx_word' id='word_1_96' title='bbox 848 1100 1084 1156; x_wconf 79' lang='lat' dir='ltr'>Quomodo</span> <span class='ocrx_word' id='word_1_97' title='bbox 1104 1101 1149 1146; x_wconf 84' lang='lat' dir='ltr'>id</span> <span class='ocrx_word' id='word_1_98' title='bbox 1172 1119 1348 1161; x_wconf 80' lang='lat' dir='ltr'>agamus</span> <span class='ocrx_word' id='word_1_99' title='bbox 1365 1140 1375 1158; x_wconf 86' lang='lat'><strong>,</strong></span> <span class='ocrx_word' id='word_1_100' title='bbox 1400 1102 1691 1156; x_wconf 67' lang='lat' dir='ltr'>adcritDeus,</span> <span class='ocrx_word' id='word_1_101' title='bbox 1721 1104 1754 1149; x_wconf 87' lang='lat' dir='ltr'>si</span> 
     </span>
     <span class='ocr_line' id='line_1_14' title="bbox 371 1170 1752 1236; baseline -0.001 -14"><span class='ocrx_word' id='word_1_102' title='bbox 371 1175 429 1222; x_wconf 85' lang='lat' dir='ltr'>eis</span> <span class='ocrx_word' id='word_1_103' title='bbox 446 1191 534 1220; x_wconf 87' lang='lat' dir='ltr'>non</span> <span class='ocrx_word' id='word_1_104' title='bbox 555 1173 613 1218; x_wconf 88' lang='lat' dir='ltr'>ita</span> <span class='ocrx_word' id='word_1_105' title='bbox 635 1171 822 1232; x_wconf 82' lang='lat' dir='ltr'>graviter</span> <span class='ocrx_word' id='word_1_106' title='bbox 848 1170 1114 1231; x_wconf 81' lang='lat' dir='ltr'>indignetur.</span> <span class='ocrx_word' id='word_1_107' title='bbox 1142 1171 1348 1236; x_wconf 80' lang='lat' dir='ltr'>Alioquin</span> <span class='ocrx_word' id='word_1_108' title='bbox 1374 1183 1416 1218; x_wconf 88' lang='lat' dir='ltr'>et</span> <span class='ocrx_word' id='word_1_109' title='bbox 1440 1174 1752 1230; x_wconf 80' lang='lat' dir='ltr'>mansuetudo,</span> 
     </span>
     <span class='ocr_line' id='line_1_15' title="bbox 368 1242 1755 1311; baseline 0 -19"><span class='ocrx_word' id='word_1_110' title='bbox 368 1263 500 1311; x_wconf 71' lang='lat' dir='ltr'>quam</span> <span class='ocrx_word' id='word_1_111' title='bbox 529 1261 696 1290; x_wconf 82' lang='lat' dir='ltr'>servare</span> <span class='ocrx_word' id='word_1_112' title='bbox 720 1243 925 1306; x_wconf 77' lang='lat' dir='ltr'>cupimus</span> <span class='ocrx_word' id='word_1_113' title='bbox 944 1280 954 1294; x_wconf 77' lang='grc'>,</span> <span class='ocrx_word' id='word_1_114' title='bbox 983 1253 1024 1288; x_wconf 84' lang='lat' dir='ltr'>et</span> <span class='ocrx_word' id='word_1_115' title='bbox 1054 1242 1313 1306; x_wconf 70' lang='lat' dir='ltr'>disciplina,</span> <span class='ocrx_word' id='word_1_116' title='bbox 1339 1260 1425 1307; x_wconf 83' lang='lat' dir='ltr'>qua</span> <span class='ocrx_word' id='word_1_117' title='bbox 1450 1245 1512 1290; x_wconf 89' lang='lat' dir='ltr'>uti</span> <span class='ocrx_word' id='word_1_118' title='bbox 1537 1246 1755 1292; x_wconf 82' lang='lat' dir='ltr'>moderate</span> 
     </span>
     <span class='ocr_line' id='line_1_16' title="bbox 368 1314 1750 1380; baseline 0 -16"><span class='ocrx_word' id='word_1_119' title='bbox 368 1318 569 1370; x_wconf 79' lang='lat' dir='ltr'>nitimur,</span> <span class='ocrx_word' id='word_1_120' title='bbox 595 1314 800 1377; x_wconf 80' lang='lat' dir='ltr'>impediri</span> <span class='ocrx_word' id='word_1_121' title='bbox 820 1325 960 1377; x_wconf 84' lang='lat' dir='ltr'>potest</span> <span class='ocrx_word' id='word_1_122' title='bbox 978 1352 988 1370; x_wconf 75' lang='grc'>,</span> <span class='ocrx_word' id='word_1_123' title='bbox 1017 1315 1050 1360; x_wconf 89' lang='lat' dir='ltr'>si</span> <span class='ocrx_word' id='word_1_124' title='bbox 1072 1316 1161 1360; x_wconf 84' lang='lat' dir='ltr'>Deo</span> <span class='ocrx_word' id='word_1_125' title='bbox 1185 1315 1304 1360; x_wconf 84' lang='lat' dir='ltr'>aliud</span> <span class='ocrx_word' id='word_1_126' title='bbox 1322 1316 1367 1361; x_wconf 91' lang='lat' dir='ltr'>in</span> <span class='ocrx_word' id='word_1_127' title='bbox 1392 1316 1565 1362; x_wconf 88' lang='lat' dir='ltr'>occulto</span> <span class='ocrx_word' id='word_1_128' title='bbox 1589 1317 1750 1380; x_wconf 82' lang='lat' dir='ltr'>placet,</span> 
     </span>
     <span class='ocr_line' id='line_1_17' title="bbox 370 1385 1755 1451; baseline -0.001 -16"><span class='ocrx_word' id='word_1_129' title='bbox 370 1389 457 1435; x_wconf 70' lang='lat' dir='ltr'>sive</span> <span class='ocrx_word' id='word_1_130' title='bbox 465 1386 683 1448; x_wconf 74' lang='lat' dir='ltr'>judicanti</span> <span class='ocrx_word' id='word_1_131' title='bbox 702 1386 788 1431; x_wconf 86' lang='lat' dir='ltr'>hoc</span> <span class='ocrx_word' id='word_1_132' title='bbox 806 1396 974 1431; x_wconf 83' lang='lat' dir='ltr'>tantum</span> <span class='ocrx_word' id='word_1_133' title='bbox 996 1385 1156 1431; x_wconf 83' lang='lat' dir='ltr'>malum</span> <span class='ocrx_word' id='word_1_134' title='bbox 1180 1386 1349 1445; x_wconf 80' lang='lat' dir='ltr'>flagello</span> <span class='ocrx_word' id='word_1_135' title='bbox 1368 1386 1533 1432; x_wconf 81' lang='lat' dir='ltr'>acriore</span> <span class='ocrx_word' id='word_1_136' title='bbox 1561 1388 1755 1451; x_wconf 81' lang='lat' dir='ltr'>plecten-</span> 
     </span>
     <span class='ocr_line' id='line_1_18' title="bbox 370 1455 1750 1516; baseline -0.001 -11"><span class='ocrx_word' id='word_1_137' title='bbox 370 1458 496 1514; x_wconf 86' lang='lat' dir='ltr'>dum,</span> <span class='ocrx_word' id='word_1_138' title='bbox 522 1457 608 1503; x_wconf 88' lang='lat' dir='ltr'>sive</span> <span class='ocrx_word' id='word_1_139' title='bbox 631 1456 757 1501; x_wconf 82' lang='lat' dir='ltr'>etiam</span> <span class='ocrx_word' id='word_1_140' title='bbox 779 1455 1077 1501; x_wconf 80' lang='lat' dir='ltr'>vehementius</span> <span class='ocrx_word' id='word_1_141' title='bbox 1098 1455 1323 1510; x_wconf 70' lang='lat' dir='ltr'>irascenti,</span> <span class='ocrx_word' id='word_1_142' title='bbox 1352 1457 1386 1502; x_wconf 87' lang='lat' dir='ltr'>si</span> <span class='ocrx_word' id='word_1_143' title='bbox 1414 1474 1501 1502; x_wconf 91' lang='lat' dir='ltr'>non</span> <span class='ocrx_word' id='word_1_144' title='bbox 1522 1459 1750 1516; x_wconf 84' lang='lat' dir='ltr'>correctis,</span> 
     </span>
     <span class='ocr_line' id='line_1_19' title="bbox 370 1525 1681 1590; baseline 0 -15"><span class='ocrx_word' id='word_1_145' title='bbox 370 1546 449 1575; x_wconf 86' lang='lat' dir='ltr'>nec</span> <span class='ocrx_word' id='word_1_146' title='bbox 465 1527 518 1573; x_wconf 83' lang='lat' dir='ltr'>ad</span> <span class='ocrx_word' id='word_1_147' title='bbox 537 1544 578 1572; x_wconf 89' lang='lat' dir='ltr'>se</span> <span class='ocrx_word' id='word_1_148' title='bbox 592 1527 826 1579; x_wconf 76' lang='lat' dir='ltr'>conversis‚</span> <span class='ocrx_word' id='word_1_149' title='bbox 840 1525 890 1570; x_wconf 85' lang='lat' dir='ltr'>ad</span> <span class='ocrx_word' id='word_1_150' title='bbox 912 1537 1081 1589; x_wconf 77' lang='lat' dir='ltr'>tempus</span> <span class='ocrx_word' id='word_1_151' title='bbox 1098 1544 1184 1571; x_wconf 86' lang='lat' dir='ltr'>esse</span> <span class='ocrx_word' id='word_1_152' title='bbox 1201 1526 1385 1572; x_wconf 82' lang='lat' dir='ltr'>voluerit</span> <span class='ocrx_word' id='word_1_153' title='bbox 1397 1528 1681 1590; x_wconf 85' lang='lat' dir='ltr'>impunitum.</span> 
     </span>
     <span class='ocr_line' id='line_1_20' title="bbox 434 1597 1752 1660; baseline 0.001 -15"><span class='ocrx_word' id='word_1_154' title='bbox 434 1599 534 1645; x_wconf 88' lang='lat' dir='ltr'>Vll.</span> <span class='ocrx_word' id='word_1_155' title='bbox 560 1597 958 1643; x_wconf 66' lang='lat' dir='ltr'>Praesmibitnobis</span> <span class='ocrx_word' id='word_1_156' title='bbox 979 1597 1317 1659; x_wconf 83' lang='lat' dir='ltr'>quodammodo</span> <span class='ocrx_word' id='word_1_157' title='bbox 1343 1598 1576 1660; x_wconf 84' lang='lat' dir='ltr'>prudentia</span> <span class='ocrx_word' id='word_1_158' title='bbox 1607 1610 1679 1646; x_wconf 84' lang='lat' dir='ltr'>tua</span> <span class='ocrx_word' id='word_1_159' title='bbox 1697 1601 1752 1647; x_wconf 86' lang='lat' dir='ltr'>de</span> 
     </span>
     <span class='ocr_line' id='line_1_21' title="bbox 366 1666 1752 1734; baseline 0.002 -20"><span class='ocrx_word' id='word_1_160' title='bbox 366 1684 549 1734; x_wconf 83' lang='lat' dir='ltr'>persona</span> <span class='ocrx_word' id='word_1_161' title='bbox 573 1666 833 1730; x_wconf 82' lang='lat' dir='ltr'>episcopali,</span> <span class='ocrx_word' id='word_1_162' title='bbox 851 1678 892 1712; x_wconf 89' lang='lat' dir='ltr'>et</span> <span class='ocrx_word' id='word_1_163' title='bbox 914 1667 1023 1712; x_wconf 83' lang='lat' dir='ltr'>dicis</span> <span class='ocrx_word' id='word_1_164' title='bbox 1042 1668 1230 1730; x_wconf 83' lang='lat' dir='ltr'>patriam</span> <span class='ocrx_word' id='word_1_165' title='bbox 1253 1678 1372 1712; x_wconf 84' lang='lat' dir='ltr'>tuam</span> <span class='ocrx_word' id='word_1_166' title='bbox 1388 1685 1474 1713; x_wconf 90' lang='lat' dir='ltr'>non</span> <span class='ocrx_word' id='word_1_167' title='bbox 1497 1668 1580 1714; x_wconf 88' lang='lat' dir='ltr'>levi</span> <span class='ocrx_word' id='word_1_168' title='bbox 1596 1671 1752 1734; x_wconf 87' lang='lat' dir='ltr'>populi</span> 
     </span>
     <span class='ocr_line' id='line_1_22' title="bbox 369 1737 1754 1802; baseline 0 -14"><span class='ocrx_word' id='word_1_169' title='bbox 369 1741 582 1788; x_wconf 79' lang='lat' dir='ltr'>suierrato</span> <span class='ocrx_word' id='word_1_170' title='bbox 597 1738 844 1802; x_wconf 78' lang='lat' dir='ltr'>prolapsam</span> <span class='ocrx_word' id='word_1_171' title='bbox 874 1755 884 1782; x_wconf 74' lang='grc' dir='ltr'>ι</span> <span class='ocrx_word' id='word_1_172' title='bbox 909 1737 1028 1801; x_wconf 87' lang='lat' dir='ltr'>quod</span> <span class='ocrx_word' id='word_1_173' title='bbox 1048 1737 1225 1801; x_wconf 80' lang='lat' dir='ltr'>quidem</span> <span class='ocrx_word' id='word_1_174' title='bbox 1247 1738 1280 1783; x_wconf 90' lang='lat' dir='ltr'>si</span> <span class='ocrx_word' id='word_1_175' title='bbox 1295 1738 1405 1798; x_wconf 82' lang='lat' dir='ltr'>juris</span> <span class='ocrx_word' id='word_1_176' title='bbox 1423 1739 1595 1801; x_wconf 87' lang='lat' dir='ltr'>publici</span> <span class='ocrx_word' id='word_1_177' title='bbox 1615 1740 1754 1801; x_wconf 79' lang='lat' dir='ltr'>rigore</span> 
     </span>
     <span class='ocr_line' id='line_1_23' title="bbox 370 1808 1752 1874; baseline 0 -16"><span class='ocrx_word' id='word_1_178' title='bbox 370 1812 602 1858; x_wconf 87' lang='lat' dir='ltr'>metiamur</span> <span class='ocrx_word' id='word_1_179' title='bbox 621 1847 631 1865; x_wconf 87' lang='lat'>‚</span> <span class='ocrx_word' id='word_1_180' title='bbox 653 1809 783 1854; x_wconf 81' lang='lat' dir='ltr'>debet</span> <span class='ocrx_word' id='word_1_181' title='bbox 805 1808 936 1871; x_wconf 78' lang='lat' dir='ltr'>plecti</span> <span class='ocrx_word' id='word_1_182' title='bbox 959 1809 1168 1854; x_wconf 85' lang='lat' dir='ltr'>severiore</span> <span class='ocrx_word' id='word_1_183' title='bbox 1190 1826 1370 1854; x_wconf 82' lang='lat' dir='ltr'>censura</span> <span class='ocrx_word' id='word_1_184' title='bbox 1393 1826 1402 1853; x_wconf 95' lang='lat'><strong>:</strong></span> <span class='ocrx_word' id='word_1_185' title='bbox 1432 1830 1451 1851; x_wconf 86' lang='lat'>«</span> <span class='ocrx_word' id='word_1_186' title='bbox 1473 1809 1557 1855; x_wconf 86' lang='lat' dir='ltr'>Sed</span> <span class='ocrx_word' id='word_1_187' title='bbox 1577 1811 1752 1874; x_wconf 85' lang='lat' dir='ltr'>episco—</span> 
     </span>
     <span class='ocr_line' id='line_1_24' title="bbox 369 1879 1752 1948; baseline 0 -19"><span class='ocrx_word' id='word_1_188' title='bbox 369 1900 477 1948; x_wconf 75' lang='lat' dir='ltr'>pum</span> <span class='ocrx_word' id='word_1_189' title='bbox 494 1919 505 1939; x_wconf 85' lang='lat'>‚</span> <span class='ocrx_word' id='word_1_190' title='bbox 534 1880 706 1944; x_wconf 76' lang='lat' dir='ltr'>inquis,</span> <span class='ocrx_word' id='word_1_191' title='bbox 731 1880 792 1925; x_wconf 84' lang='lat' dir='ltr'>fas</span> <span class='ocrx_word' id='word_1_192' title='bbox 816 1897 903 1925; x_wconf 86' lang='lat' dir='ltr'>non</span> <span class='ocrx_word' id='word_1_193' title='bbox 929 1890 992 1925; x_wconf 85' lang='lat' dir='ltr'>est</span> <span class='ocrx_word' id='word_1_194' title='bbox 1013 1880 1093 1924; x_wconf 85' lang='lat' dir='ltr'>nisi</span> <span class='ocrx_word' id='word_1_195' title='bbox 1119 1879 1299 1925; x_wconf 89' lang='lat' dir='ltr'>salutem</span> <span class='ocrx_word' id='word_1_196' title='bbox 1315 1879 1572 1925; x_wconf 81' lang='lat' dir='ltr'>hominibus</span> <span class='ocrx_word' id='word_1_197' title='bbox 1592 1881 1752 1946; x_wconf 87' lang='lat' dir='ltr'>imper-</span> 
     </span>
     <span class='ocr_line' id='line_1_25' title="bbox 370 1950 1750 2014; baseline -0.001 -14"><span class='ocrx_word' id='word_1_198' title='bbox 370 1954 450 2000; x_wconf 82' lang='lat' dir='ltr'>tire</span> <span class='ocrx_word' id='word_1_199' title='bbox 472 1990 482 2009; x_wconf 85' lang='lat'>‚</span> <span class='ocrx_word' id='word_1_200' title='bbox 510 1963 551 1998; x_wconf 86' lang='lat' dir='ltr'>et</span> <span class='ocrx_word' id='word_1_201' title='bbox 572 1968 652 2014; x_wconf 83' lang='lat' dir='ltr'>pro</span> <span class='ocrx_word' id='word_1_202' title='bbox 681 1960 796 1996; x_wconf 81' lang='lat' dir='ltr'>statu</span> <span class='ocrx_word' id='word_1_203' title='bbox 818 1951 992 1995; x_wconf 84' lang='lat' dir='ltr'>meliore</span> <span class='ocrx_word' id='word_1_204' title='bbox 1016 1950 1155 1995; x_wconf 82' lang='lat' dir='ltr'>causis</span> <span class='ocrx_word' id='word_1_205' title='bbox 1180 1950 1323 1995; x_wconf 78' lang='lat' dir='ltr'>adesse</span> <span class='ocrx_word' id='word_1_206' title='bbox 1341 1986 1352 2005; x_wconf 80' lang='lat'>,</span> <span class='ocrx_word' id='word_1_207' title='bbox 1388 1961 1429 1995; x_wconf 86' lang='lat' dir='ltr'>et</span> <span class='ocrx_word' id='word_1_208' title='bbox 1463 1951 1582 2014; x_wconf 85' lang='lat' dir='ltr'>apud</span> <span class='ocrx_word' id='word_1_209' title='bbox 1604 1954 1750 2000; x_wconf 88' lang='lat' dir='ltr'>omni-</span> 
     </span>
     <span class='ocr_line' id='line_1_26' title="bbox 374 2020 1750 2088; baseline -0.001 -18"><span class='ocrx_word' id='word_1_210' title='bbox 374 2033 592 2088; x_wconf 84' lang='lat' dir='ltr'>potentem</span> <span class='ocrx_word' id='word_1_211' title='bbox 620 2022 759 2066; x_wconf 81' lang='lat' dir='ltr'>Deum</span> <span class='ocrx_word' id='word_1_212' title='bbox 800 2021 970 2065; x_wconf 82' lang='lat' dir='ltr'>veniam</span> <span class='ocrx_word' id='word_1_213' title='bbox 1009 2020 1192 2067; x_wconf 81' lang='lat' dir='ltr'>aliorum</span> <span class='ocrx_word' id='word_1_214' title='bbox 1222 2021 1375 2065; x_wconf 82' lang='lat' dir='ltr'>mereri</span> <span class='ocrx_word' id='word_1_215' title='bbox 1406 2020 1626 2068; x_wconf 80' lang='lat' dir='ltr'>delictis.»</span> <span class='ocrx_word' id='word_1_216' title='bbox 1653 2024 1750 2071; x_wconf 89' lang='lat' dir='ltr'>Hoc</span> 
     </span>
     <span class='ocr_line' id='line_1_27' title="bbox 370 2090 1750 2141; baseline 0 0"><span class='ocrx_word' id='word_1_217' title='bbox 370 2094 549 2141; x_wconf 80' lang='lat' dir='ltr'>omnino</span> <span class='ocrx_word' id='word_1_218' title='bbox 578 2108 745 2137; x_wconf 74' lang='lat' dir='ltr'>servare</span> <span class='ocrx_word' id='word_1_219' title='bbox 772 2107 984 2136; x_wconf 77' lang='lat' dir='ltr'>conamur</span> <span class='ocrx_word' id='word_1_220' title='bbox 1023 2108 1032 2135; x_wconf 92' lang='lat'>:</span> <span class='ocrx_word' id='word_1_221' title='bbox 1075 2101 1122 2136; x_wconf 89' lang='lat' dir='ltr'>ut</span> <span class='ocrx_word' id='word_1_222' title='bbox 1160 2090 1371 2136; x_wconf 75' lang='lat' dir='ltr'>severiore</span> <span class='ocrx_word' id='word_1_223' title='bbox 1409 2108 1588 2137; x_wconf 81' lang='lat' dir='ltr'>censura</span> <span class='ocrx_word' id='word_1_224' title='bbox 1623 2111 1750 2141; x_wconf 89' lang='lat' dir='ltr'>nemo</span> 
     </span>
     <span class='ocr_line' id='line_1_28' title="bbox 369 2160 1750 2229; baseline 0 -18"><span class='ocrx_word' id='word_1_225' title='bbox 369 2165 605 2229; x_wconf 69' lang='lat' dir='ltr'>plectatur,</span> <span class='ocrx_word' id='word_1_226' title='bbox 628 2177 766 2224; x_wconf 85' lang='lat' dir='ltr'>neque</span> <span class='ocrx_word' id='word_1_227' title='bbox 795 2179 816 2206; x_wconf 88' lang='lat' dir='ltr'>a</span> <span class='ocrx_word' id='word_1_228' title='bbox 841 2161 984 2217; x_wconf 79' lang='lat' dir='ltr'>nobis,</span> <span class='ocrx_word' id='word_1_229' title='bbox 1008 2178 1149 2223; x_wconf 76' lang='lat' dir='ltr'>neque</span> <span class='ocrx_word' id='word_1_230' title='bbox 1177 2161 1231 2205; x_wconf 87' lang='lat' dir='ltr'>ab</span> <span class='ocrx_word' id='word_1_231' title='bbox 1255 2160 1339 2206; x_wconf 88' lang='lat' dir='ltr'>alio</span> <span class='ocrx_word' id='word_1_232' title='bbox 1364 2161 1453 2207; x_wconf 89' lang='lat' dir='ltr'>ullo</span> <span class='ocrx_word' id='word_1_233' title='bbox 1474 2162 1750 2211; x_wconf 82' lang='lat' dir='ltr'>interceden-</span> 
     </span>
     <span class='ocr_line' id='line_1_29' title="bbox 368 2230 1744 2297; baseline -0.001 -15"><span class='ocrx_word' id='word_1_234' title='bbox 368 2236 488 2282; x_wconf 77' lang='lat' dir='ltr'>tibus</span> <span class='ocrx_word' id='word_1_235' title='bbox 512 2232 662 2285; x_wconf 80' lang='lat' dir='ltr'>nobis;</span> <span class='ocrx_word' id='word_1_236' title='bbox 693 2245 735 2276; x_wconf 81' lang='lat' dir='ltr'>et</span> <span class='ocrx_word' id='word_1_237' title='bbox 757 2230 936 2276; x_wconf 82' lang='lat' dir='ltr'>salutem</span> <span class='ocrx_word' id='word_1_238' title='bbox 976 2231 1234 2276; x_wconf 82' lang='lat' dir='ltr'>hominihus</span> <span class='ocrx_word' id='word_1_239' title='bbox 1261 2232 1465 2295; x_wconf 86' lang='lat' dir='ltr'>cupimus</span> <span class='ocrx_word' id='word_1_240' title='bbox 1489 2233 1712 2297; x_wconf 80' lang='lat' dir='ltr'>impertire</span> <span class='ocrx_word' id='word_1_241' title='bbox 1732 2274 1744 2294; x_wconf 80' lang='lat'>,</span> 
     </span>
     <span class='ocr_line' id='line_1_30' title="bbox 370 2300 1750 2370; baseline 0.004 -23"><span class='ocrx_word' id='word_1_242' title='bbox 370 2322 472 2370; x_wconf 81' lang='lat' dir='ltr'>quae</span> <span class='ocrx_word' id='word_1_243' title='bbox 505 2302 646 2367; x_wconf 86' lang='lat' dir='ltr'>posita</span> <span class='ocrx_word' id='word_1_244' title='bbox 676 2311 738 2346; x_wconf 86' lang='lat' dir='ltr'>est</span> <span class='ocrx_word' id='word_1_245' title='bbox 767 2302 810 2346; x_wconf 87' lang='lat' dir='ltr'>in</span> <span class='ocrx_word' id='word_1_246' title='bbox 834 2311 948 2346; x_wconf 79' lang='lat' dir='ltr'>recte</span> <span class='ocrx_word' id='word_1_247' title='bbox 978 2301 1152 2346; x_wconf 74' lang='lat' dir='ltr'>vivendi</span> <span class='ocrx_word' id='word_1_248' title='bbox 1176 2300 1403 2358; x_wconf 78' lang='lat' dir='ltr'>felicitate,</span> <span class='ocrx_word' id='word_1_249' title='bbox 1441 2321 1528 2349; x_wconf 88' lang='lat' dir='ltr'>non</span> <span class='ocrx_word' id='word_1_250' title='bbox 1563 2305 1608 2349; x_wconf 89' lang='lat' dir='ltr'>in</span> <span class='ocrx_word' id='word_1_251' title='bbox 1638 2306 1750 2353; x_wconf 89' lang='lat' dir='ltr'>male</span> 
     </span>
     <span class='ocr_line' id='line_1_31' title="bbox 366 2372 1743 2435; baseline -0.001 -11"><span class='ocrx_word' id='word_1_252' title='bbox 366 2374 558 2424; x_wconf 76' lang='lat' dir='ltr'>faciendi</span> <span class='ocrx_word' id='word_1_253' title='bbox 580 2372 823 2418; x_wconf 76' lang='lat' dir='ltr'>securitate.</span> <span class='ocrx_word' id='word_1_254' title='bbox 853 2372 1032 2417; x_wconf 82' lang='lat' dir='ltr'>Veniam</span> <span class='ocrx_word' id='word_1_255' title='bbox 1057 2389 1233 2435; x_wconf 81' lang='lat' dir='ltr'>quoque</span> <span class='ocrx_word' id='word_1_256' title='bbox 1256 2390 1342 2417; x_wconf 88' lang='lat' dir='ltr'>non</span> <span class='ocrx_word' id='word_1_257' title='bbox 1363 2383 1532 2419; x_wconf 84' lang='lat' dir='ltr'>tantum</span> <span class='ocrx_word' id='word_1_258' title='bbox 1555 2378 1710 2423; x_wconf 80' lang='lat' dir='ltr'>nostris</span> <span class='ocrx_word' id='word_1_259' title='bbox 1732 2416 1743 2435; x_wconf 86' lang='lat'>‚</span> 
     </span>
     <span class='ocr_line' id='line_1_32' title="bbox 370 2443 1747 2512; baseline 0 -18"><span class='ocrx_word' id='word_1_260' title='bbox 370 2464 519 2494; x_wconf 82' lang='lat' dir='ltr'>verum</span> <span class='ocrx_word' id='word_1_261' title='bbox 543 2455 585 2490; x_wconf 80' lang='lat' dir='ltr'>et</span> <span class='ocrx_word' id='word_1_262' title='bbox 606 2443 791 2489; x_wconf 86' lang='lat' dir='ltr'>aliorum</span> <span class='ocrx_word' id='word_1_263' title='bbox 817 2443 1027 2489; x_wconf 80' lang='lat' dir='ltr'>instamus</span> <span class='ocrx_word' id='word_1_264' title='bbox 1052 2443 1219 2489; x_wconf 82' lang='lat' dir='ltr'>delictis</span> <span class='ocrx_word' id='word_1_265' title='bbox 1247 2445 1401 2489; x_wconf 78' lang='lat' dir='ltr'>mereri</span> <span class='ocrx_word' id='word_1_266' title='bbox 1419 2481 1430 2499; x_wconf 85' lang='lat'><strong><em>‚</em></strong></span> <span class='ocrx_word' id='word_1_267' title='bbox 1457 2446 1576 2509; x_wconf 85' lang='lat' dir='ltr'>quod</span> <span class='ocrx_word' id='word_1_268' title='bbox 1600 2448 1747 2512; x_wconf 88' lang='lat' dir='ltr'>impe-</span> 
     </span>
     <span class='ocr_line' id='line_1_33' title="bbox 364 2513 1747 2580; baseline 0.001 -15"><span class='ocrx_word' id='word_1_269' title='bbox 364 2531 481 2565; x_wconf 83' lang='lat' dir='ltr'>trare</span> <span class='ocrx_word' id='word_1_270' title='bbox 504 2514 584 2562; x_wconf 70' lang='lat' dir='ltr'>nisi</span> <span class='ocrx_word' id='word_1_271' title='bbox 612 2531 691 2577; x_wconf 84' lang='lat' dir='ltr'>pro</span> <span class='ocrx_word' id='word_1_272' title='bbox 712 2514 917 2559; x_wconf 83' lang='lat' dir='ltr'>correctis</span> <span class='ocrx_word' id='word_1_273' title='bbox 938 2513 1116 2560; x_wconf 87' lang='lat' dir='ltr'>omnino</span> <span class='ocrx_word' id='word_1_274' title='bbox 1148 2531 1235 2560; x_wconf 89' lang='lat' dir='ltr'>non</span> <span class='ocrx_word' id='word_1_275' title='bbox 1264 2531 1507 2578; x_wconf 83' lang='lat' dir='ltr'>possumus.</span> <span class='ocrx_word' id='word_1_276' title='bbox 1534 2516 1747 2580; x_wconf 80' lang='lat' dir='ltr'>AdJ&#39;ungis</span> 
     </span>
     <span class='ocr_line' id='line_1_34' title="bbox 366 2583 1739 2651; baseline -0.001 -14"><span class='ocrx_word' id='word_1_277' title='bbox 366 2591 496 2638; x_wconf 76' lang='lat' dir='ltr'>etiam</span> <span class='ocrx_word' id='word_1_278' title='bbox 519 2597 560 2633; x_wconf 85' lang='lat' dir='ltr'>et</span> <span class='ocrx_word' id='word_1_279' title='bbox 582 2583 691 2631; x_wconf 76' lang='lat' dir='ltr'>dieis</span> <span class='ocrx_word' id='word_1_280' title='bbox 710 2621 720 2641; x_wconf 78' lang='lat'><em>,</em></span> <span class='ocrx_word' id='word_1_281' title='bbox 748 2605 766 2626; x_wconf 75' lang='grc' dir='ltr'>ε(</span> <span class='ocrx_word' id='word_1_282' title='bbox 792 2584 966 2641; x_wconf 82' lang='lat' dir='ltr'>Quanta</span> <span class='ocrx_word' id='word_1_283' title='bbox 993 2601 1169 2648; x_wconf 82' lang='lat' dir='ltr'>possum</span> <span class='ocrx_word' id='word_1_284' title='bbox 1192 2584 1512 2648; x_wconf 74' lang='lat' dir='ltr'>supplicatione</span> <span class='ocrx_word' id='word_1_285' title='bbox 1526 2585 1739 2651; x_wconf 60' lang='lat' dir='ltr'>depoch</span> 
     </span>
    </p>
   </div>
  </div>
 </body>
</html>
