1902 3268
637 264 851 302 Ei‘tsrom
887 267 1079 308 Lx‘xxm.
1465 255 1547 300 137>

171 332 281 384 forte
297 331 401 384 falsa
415 330 860 396 periclitaturinvidia
879 368 889 386 ‚
911 330 979 376 sed
1006 341 1042 376 te
1061 326 1270 386 delendis}
1292 352 1389 381 <suin
1409 335 1542 381 (lit-is:

172 404 328 463 Ignoro
347 402 489 466 qualis
514 402 593 451 iste
615 400 760 451 fuerit.
790 402 966 458 Quanto
994 403 1125 461 magis
1152 421 1249 461 vrgo
1280 405 1425 466 quales
1450 407 1546 451 lin·-

170 473 258 526 rint
277 472 372 524 Afri
387 510 398 530 ‚
424 490 534 537 quos
556 472 790 533 ignotiores
812 473 952 533 arguis
971 510 980 528 ,
1014 473 1248 522 Orientalis
1278 475 1396 520 orbis
1420 475 1546 535 igno-

170 545 263 592 rat?
281 560 306 593 a
327 543 491 608 quibus
517 553 661 592 tamen
687 541 914 599 EcclesiiS‚
940 560 1124 607 quarum
1152 545 1325 591 nomina
1353 544 1487 591 habes
1504 546 1547 593 in

169 613 293 663 libris
317 623 359 664 et
382 613 536 663 recitas
552 651 563 669 ,
589 612 753 666 nefaria
777 613 1039 662 dissensione
1063 613 1333 675 disJungeris.
1360 615 1405 663 Si
1426 616 1550 663 'slia-

168 683 476 744 mugadensem
490 685 748 749 episcopum
762 695 952 732 vestrum
968 684 1300 735 famosissimum
1316 697 1356 731 et
1371 688 1549 749 pessime

169 753 442 802 diffamatum
460 794 471 814 ,
494 773 582 803 non
601 756 701 805 dico
727 754 1024 812 Caesariensis,
1052 755 1125 804 sed
1152 755 1363 801 Sitifensis
1384 757 1549 817 collega

169 829 259 886 eJ'us
277 826 558 891 ejusdemque
573 825 778 889 temporis
791 825 1025 886 ignorabat
1043 863 1054 882 ,
1077 826 1302 890 quomodo
1323 826 1550 872 traditores

170 897 322 954 Afros,
352 897 622 962 quicumque
647 897 710 943 illi
743 896 935 952 fuerint,
968 895 1160 943 Ecclesia
1197 896 1550 954 Corinthiorum,

170 968 488 1031 Ephesiorum,
520 967 865 1023 Colossensium‚
902 967 1288 1031 Philippensium,
1316 969 1351 1013 T
1356 968 1551 1014 hessalo-

168 1038 410 1088 nicensium
427 1076 438 1097 ,
456 1039 835 1086 Antiochenorum
850 1077 862 1097 ,
888 1039 1020 1085 Ponti
1038 1076 1049 1095 ,
1072 1038 1257 1084 Galatiae
1277 1077 1287 1094 ‚
1313 1040 1549 1102 Cappado-

165 1109 245 1161 ciae-
258 1147 270 1166 ,
291 1120 634 1174 caeterarumque
648 1110 766 1156 orbis
788 1110 982 1173 partium
997 1110 1051 1156 ab
1068 1110 1098 1155 A
1111 1109 1287 1172 postolis
1305 1109 1350 1154 in
1368 1109 1546 1155 Christo

169 1179 483 1227 aedificatarum
501 1218 512 1237 ,
540 1191 614 1227 aut
631 1198 751 1226 nosse
768 1181 914 1245 potuit
932 1217 943 1236 ,
964 1191 1041 1226 aut
1056 1179 1254 1225 damnari
1274 1198 1296 1224 a
1316 1179 1439 1225 vobis
1458 1197 1551 1225 me-

169 1252 254 1297 ruit
272 1288 282 1303 ,
311 1252 415 1315 quia
437 1269 526 1298 non
557 1252 736 1316 potuit?
762 1262 804 1297 et
831 1262 973 1298 tamen
997 1251 1055 1296 eis
1078 1267 1165 1295 non
1188 1250 1521 1295 communicatis
1537 1287 1546 1304 ‚

167 1339 207 1374 ei
233 1321 377 1369 dicitis
401 1340 490 1369 non
510 1340 597 1369 esse
626 1322 900 1368 Christianos
917 1359 928 1379 ‚
956 1332 996 1367 et
1020 1338 1090 1367 eos
1118 1320 1389 1384 rebaptizare
1412 1337 1549 1366 cona-

168 1392 290 1441 mini.
331 1392 451 1450 Quid
488 1392 663 1439 dicam?
689 1392 797 1457 quid
829 1395 1018 1457 querar?
1047 1402 1122 1437 aut
1147 1390 1256 1455 quid
1280 1391 1546 1437 exclamem?

170 1463 215 1508 Si
232 1480 330 1514 cum
353 1463 532 1514 homine
554 1463 736 1510 cordato
755 1463 929 1528 loquor,
956 1463 1265 1523 indignationis
1288 1462 1420 1522 hujus
1440 1479 1548 1508 acu-

166 1532 253 1586 1er
280 1545 424 1586 tecum
450 1535 683 1600 participo.
711 1536 822 1580 Nam
846 1535 965 1581 vides
983 1534 1180 1599 profecto
1204 1550 1304 1597 quae
1329 1533 1543 1592 dicerem,

168 1606 201 1651 si
231 1605 383 1657 vellem
408 1605 566 1656 dicere.

233 1677 309 1727 Vl.
344 1678 410 1726 An
424 1675 534 1733 forte
549 1677 745 1728 fecerunt
758 1678 872 1726 inter
889 1695 930 1723 se
946 1679 1126 1737 majores
1145 1676 1273 1722 vestri
1289 1674 1544 1731 concilium,

168 1757 210 1793 et
224 1747 543 1795 damnaverunt
559 1758 720 1810 praeter
738 1765 781 1794 se
799 1758 940 1793 totuin
955 1748 1104 1793 orbem
1128 1746 1446 1793 christianum?
1465 1747 1549 1795 lta-

168 1835 220 1864 ne
240 1817 291 1863 ad
317 1818 405 1870 hoc
436 1817 651 1881 perducta
680 1827 742 1864 est
760 1834 904 1867 rerum
924 1818 1208 1874 existimatio,
1241 1828 1287 1863 ut
1310 1816 1545 1862 concilium

168 1888 601 1943 Maximianensium‚
617 1888 693 1966 qui
718 1887 771 1933 do
794 1899 933 1935 xesna
956 1887 1212 1951 praecisione
1228 1886 1399 1951 praecisi
1419 1896 1542 1939 sunt,

167 1960 268 2026 quia
296 1959 420 2013 vobis
447 1959 691 2023 comparati
730 1959 982 2025 paucissimi
1018 1970 1148 2015 sunt,
1190 1975 1276 2007 non
1302 1975 1326 2002 v
1331 1957 1391 2003 ale
1397 1968 1438 2002 at
1462 1956 1545 2003 ad-

167 2048 312 2084 versus
330 2047 440 2077 vos:
468 2042 510 2079 et
532 2040 722 2077 vestrum
748 2029 985 2077 concilium
1014 2048 1038 2077 x
1043 2029 1153 2078 aleat
1175 2029 1380 2075 adxeisus
1403 2046 1482 2089 gen
1471 2038 1547 2073 tes

167 2100 471 2155 haereditatem
489 2099 678 2154 Christi,
695 2111 736 2146 et
750 2101 1056 2168 possessionem
1073 2104 1164 2160 ejus
1176 2099 1380 2146 terminos
1397 2102 1547 2144 terrae?

167 2171 308 2225 Miror
325 2171 361 2217 si
377 2171 514 2220 habet
536 2171 582 2217 in
601 2188 783 2236 corpore
808 2171 1058 2232 sanguinem
1072 2208 1084 2228 ,
1112 2171 1188 2234 qui
1210 2169 1263 2216 de
1288 2170 1372 2215 hac
1392 2186 1437 2214 re
1456 2186 1545 2214 non

167 2242 398 2293 erubescit.
431 2242 638 2295 Rescribe
673 2242 728 2289 ad
758 2244 838 2293 ista
857 2280 869 2298 ,
904 2260 1052 2307 quaeso
1073 2260 1084 2287 2
1109 2260 1130 2288 a
1157 2240 1376 2287 nonnullis
1397 2239 1512 2286 enim
1532 2275 1544 2296 ‚

167 2313 330 2377 quibus
359 2330 446 2364 non
468 2313 594 2378 potui
619 2330 706 2361 non
733 2313 907 2360 credere
926 2352 937 2367 ‚
965 2313 1114 2360 audivi
1140 2323 1177 2358 te
1199 2311 1512 2375 rescripturum
1530 2347 1541 2365 ,

167 2384 202 2434 si
229 2383 310 2434 tibi
333 2384 582 2439 scriberem.
613 2385 711 2434 Jam
738 2385 867 2431 etiam
898 2384 1066 2449 pridem
1089 2383 1184 2430 misi
1208 2400 1340 2435 unam
1368 2381 1547 2445 Episto-

166 2458 281 2516 lam,
299 2473 434 2522 quam
454 2468 603 2505 utrum
636 2474 854 2537 acceperis
879 2456 944 2504 vel
969 2457 1008 2502 ei
1038 2454 1337 2520 responderis,
1365 2464 1406 2499 et
1428 2452 1545 2499 forte

167 2547 245 2592 ego
263 2540 386 2577 tuam
405 2546 494 2575 non
513 2529 784 2594 acceperim,
807 2528 964 2575 nescio.
1001 2528 1035 2573 N
1045 2544 1128 2574 unc
1162 2525 1334 2573 interim
1359 2535 1460 2589 peto
1487 2523 1540 2570 ad

167 2602 268 2649 haec
292 2600 550 2666 respondere
571 2618 625 2649 ne
641 2599 855 2663 graveris,
881 2597 1003 2663 quod
1022 2598 1103 2645 tibi
1124 2597 1309 2644 videtur.
1337 2594 1422 2644 Sed
1446 2587 1540 2641 noli
