1902 3268
586 297 798 330 rms'rom
834 297 1018 329 Lxxvm.
1429 286 1482 332 81

123 441 821 459 ..ἋἏςνιςὶιςςὶιωιιὶιὶιιιῆνιὶιῃ
823 441 1483 457 222222222222222222222222222222

517 540 785 585 EPISTOLA
818 541 1035 585 LXXVIII
1054 541 1065 563 ¹
1077 574 1086 583 .

111 659 384 702 Dilectissimis
415 663 628 713 fratribus,
660 664 789 716 clero,
821 663 1064 715 senioribuS,
1094 670 1133 702 et
1162 664 1356 704 universae
1382 664 1490 716 plebi

164 722 346 764 Ecclesiae
366 725 632 778 Hipponensis
647 760 657 776 ,
683 728 747 765 cui
765 726 893 766 servio
919 726 960 764 in
991 723 1204 764 dilectione
1224 724 1392 775 Christi,
1411 727 1491 764 Ac-

163 799 343 825 cusrmus
360 787 400 825 iu
419 787 593 828 Domino
612 788 796 828 salntem.

115 898 315 952 Quidam
336 916 358 942 e
382 901 648 942 monasterio
674 901 919 959 Augustini
945 902 1052 958 Spes
1075 901 1280 949 nominc,
1307 916 1488 943 accusa-

169 975 237 1008 tus
270 983 298 1008 a
329 967 561 1025 Bonifacio
596 971 842 1027 presbytero
864 1001 874 1020 ,
915 969 1086 1010 crimen
1120 969 1169 1009 in
1203 969 1489 1025 Bonifucium

169 1034 315 1089 ipsum
349 1037 592 1080 transtulit.
643 1037 679 1079 C
686 1053 759 1078 um
800 1052 867 1079 res
903 1036 1177 1078 evidentibus
1212 1037 1490 1093 argumentis

164 1104 364 1160 cognosci
394 1103 447 1145 ab
479 1104 732 1162 Augustino
760 1119 850 1145 non
877 1114 1038 1161 posset,
1054 1106 1208 1161 jussus
1230 1115 1288 1146 est
1313 1114 1490 1158 uterquc

166 1171 294 1212 adire
315 1171 563 1226 sepulerum
579 1173 625 1213 S.
652 1172 811 1214 Felicis
838 1171 1030 1220 Nolani,
1057 1181 1101 1212 ut
1123 1172 1343 1213 miraculo
1360 1181 1488 1212 trun·

164 1236 625 1294 sigerelurjudicium.
642 1239 700 1281 Id
718 1240 835 1281 clam
849 1238 952 1295 sieri
974 1249 1156 1280 curarat
1176 1239 1450 1295 Augustinus
1466 1258 1482 1289 ,·

162 1320 320 1347 verum
346 1308 557 1360 quoniam
587 1322 654 1348 res
684 1316 888 1363 eruperat
912 1308 960 1347 in
982 1306 1192 1347 noticiam
1215 1306 1448 1348 hominum
1464 1339 1478 1355 ,

158 1373 379 1429 permittit
400 1374 568 1416 interea
587 1385 632 1416 ut
657 1374 772 1416 Boni
774 1375 865 1430 fuci
871 1375 885 1415 i
911 1389 1069 1416 nomen
1088 1375 1205 1415 inter
1220 1374 1485 1431 presbyteros

163 1454 254 1482 non
273 1441 480 1483 recitetur
491 1457 505 1483 .·
523 1442 726 1484 hortatur
740 1456 888 1483 omnes
905 1457 959 1482 nc
977 1442 1161 1496 tcmcrej
1169 1440 1361 1490 adicem,
1377 1457 1485 1484 neve

161 1507 213 1549 ob
230 1523 476 1564 paucorum
499 1508 658 1550 delicia
675 1510 740 1551 vel
758 1509 844 1566 ipsi
862 1508 1075 1565 deficiant
1093 1523 1120 1549 α
1134 1508 1294 1563 pietate
1309 1541 1319 1560 ‚
1346 1510 1418 1551 vel
1432 1511 1484 1552 dc

160 1575 364 1618 omnibus
392 1575 506 1618 male
536 1579 837 1633 suffimentum
877 1576 1113 1617 observans
1145 1576 1318 1617 nullam
1347 1578 1480 1633 fuisse

160 1651 252 1684 tam
269 1643 441 1699 felice-m
455 1643 748 1692 sodalitatem,
770 1645 818 1685 in
840 1659 926 1699 qua
943 1658 1033 1685 non
1048 1643 1212 1699 aliquis
1227 1644 1480 1702 flagitiosus

160 1710 370 1752 extiterit.

163 1837 200 1883 I.
223 1836 408 1882 UTmAM
429 1834 674 1899 Scripturae
694 1835 774 1881 Dei
791 1835 977 1882 sollicita
1005 1846 1148 1881 mente
1175 1835 1468 1894 intendentes,

96 1906 142 1953 in
153 1906 403 1972 quibusque
433 1905 646 1952 scandalis
664 1906 734 1967 adj
744 1906 884 1952 utorio
898 1906 1036 1952 nostri
1052 1907 1260 1952 sermonis
1277 1924 1365 1952 non
1379 1924 1473 1968 ege-

94 1977 213 2033 retis,
244 1976 318 2022 ille
346 1992 422 2023 vos
440 1976 586 2040 potius
603 1976 916 2032 consolaretur,
939 1975 1018 2039 qui
1035 1976 1286 2022 consolatur
1304 1987 1346 2023 et
1362 1994 1440 2023 nos
1457 2013 1468 2022 .

94 2046 279 2112 quinon
298 2045 440 2092 solum
456 2046 591 2103 bona,
613 2063 714 2110 quae
736 2047 895 2093 sanctis
908 2056 950 2091 et
964 2045 1167 2092 fidelibus
1181 2046 1267 2092 suis
1285 2058 1346 2093 est
1377 2047 1473 2094 red-

94 2116 288 2174 diturus,
309 2116 592 2164 verumetiam
603 2116 737 2173 mala,
753 2117 916 2181 quibus
933 2126 1023 2162 erat
1037 2116 1113 2162 hic
1126 2116 1317 2164 mundus
1333 2117 1473 2164 abun-

93 2186 276 2234 daturus
289 2197 387 2233 ante
399 2186 621 2250 praedixit,
641 2197 737 2232 ante
748 2186 1064 2233 conscribenda
1082 2187 1270 2244 curavit,
1289 2198 1337 2233 ut
1351 2188 1470 2234 bona

93 2268 193 2322 post
210 2257 358 2304 saeculi
376 2258 506 2303 finem
530 2268 728 2305 secutura
748 2258 949 2304 certiores
972 2269 1312 2321 expectaremus,
1333 2275 1469 2322 quam

91 2329 205 2374 mala
224 2327 421 2374 similiter
435 2329 732 2392 praenuntiata
750 2339 847 2374 ante
865 2328 1156 2375 saeculifinem
1171 2329 1468 2392 praecedentia

90 2399 357 2446 sentiremus.
375 2399 501 2446 Unde
522 2409 564 2445 et
584 2399 818 2464 Apostolus
839 2399 970 2456 dicit3
985 2420 1006 2441 <‹
1022 2401 1327 2464 Quaecumque
1349 2402 1465 2447 enim

91 2480 223 2517 »ante
235 2469 527 2534 scriptasunt,
553 2480 691 2517 utnos
711 2469 966 2517 doceremur
984 2471 1148 2536 scripta
1172 2482 1295 2529 sunt,
1318 2482 1366 2518 ut
1383 2489 1464 2536 per

139 2571 150 2596 ¹
171 2569 257 2605 Alias
282 2581 428 2606 cxxxvu.
443 2581 512 2614 quae
527 2577 630 2604 autem
651 2572 689 2611 78
706 2577 788 2613 crat,
805 2581 889 2603 utine
905 2581 983 2612 197.
1000 2589 1044 2595 ——
1061 2572 1181 2618 Scripta
1198 2573 1277 2606 [oste
1293 2584 1376 2607 auno
1396 2580 1461 2613 404

91 2628 172 2665 eirca
190 2639 234 2662 20
250 2628 352 2662 Junii.

252 2696 395 2729 chvi.
1304 2688 1330 2730 Q
