1902 3268
649 318 861 347 neisTOLA
900 316 1000 346 (ixx.
1434 302 1526 362 409

156 385 375 445 unigenito
400 383 508 429 Filio
530 382 634 438 Dei,
670 397 771 428 cum
798 381 853 426 sit
875 381 1023 443 utique
1043 380 1182 426 Patris
1215 379 1435 442 Sapientia
1460 391 1530 425 at-

154 470 238 517 que
267 453 442 499 Justitia
461 489 470 507 ‚
504 463 545 498 et
571 469 738 516 semper
762 452 806 497 in
826 469 867 497 se
891 451 984 514 ipsa
1003 450 1083 507 sit,
1120 450 1288 506 «Quod
1312 449 1452 496 factus
1476 451 1531 496 sit

159 543 182 566 n
202 523 328 569 nobis
364 541 387 568 a
412 523 503 568 Deo
535 521 755 586 Sapientia
782 532 823 567 et
847 521 1022 567 Justitia
1039 557 1051 576 ‚
1086 531 1129 566 et
1165 520 1463 567 Sanctificatio
1488 532 1532 565 et

155 615 175 634 >>
199 593 462 658 Redemptio
487 612 497 638 :
526 605 571 639 ut
595 593 967 657 quemadmodum
991 592 1202 656 scriptum
1219 603 1279 638 cst
1297 629 1307 646 ,
1327 592 1414 649 Qui
1435 591 1531 652 glo-

153 685 175 708 »
199 664 364 720 riatur,
393 664 438 709 in
465 665 650 710 Domino
681 664 887 724 glorietur
904 663 937 710 1.
965 684 984 705 »
1006 663 1136 721 Quod
1161 663 1340 725 quidem
1365 673 1406 708 et
1436 663 1530 725 ipse

152 737 296 784 vidisti
316 774 326 792 ‚
354 736 554 784 addendo
586 747 715 800 atque
752 735 938 782 dicendo
957 772 968 791 ,
1005 757 1025 776 «
1052 735 1144 782 Nisi
1174 735 1285 781 forte
1315 753 1404 780 non
1433 735 1532 780 haec

154 828 174 848 υ
196 806 402 854 humanae
425 808 663 872 aequitatis,
700 806 771 852 sed
800 806 868 851 illa
895 822 994 870 quae
1019 807 1137 851 Deus
1160 816 1221 851 est
1249 805 1337 851 sola
1357 821 1443 851 esse
1463 822 1530 850 asa

154 899 173 919 »
194 889 360 924 seratur
377 878 563 938 justitia.
595 901 612 918 »
638 879 711 923 Est
737 876 866 939 plane
886 876 957 921 ille
980 892 1175 922 summus
1193 876 1308 922 Deus
1328 879 1531 935 verajus-

155 947 271 1004 titia,
300 948 363 994 vel
386 948 458 995 ille
480 965 604 994 verus
629 949 744 993 Deus
770 963 939 992 summa
954 946 1125 1006 J'ustitia
1145 983 1156 1002 ,
1179 962 1310 1009 quam
1334 945 1532 1010 profecto

153 1018 315 1065 esurire
339 1029 381 1065 et
399 1018 515 1065 sitire
533 1055 545 1077 ‚
565 1036 612 1064 ea
638 1028 786 1063 nostra
811 1027 874 1063 est
900 1016 1051 1077 iii-liae
1075 1016 1422 1080 peregrinatione
1436 1020 1534 1076 jus-

137 1087 245 1150 ‘titia
263 1126 273 1144 ‚
299 1099 446 1153 etqua
478 1100 626 1153 postea
650 1088 856 1142 saturari,
886 1105 934 1133 ea
956 1097 1101 1133 nostra
1126 1097 1187 1133 est
1219 1087 1263 1132 in
1289 1087 1530 1133 aeternitate

152 1159 282 1224 plena
315 1160 500 1220 justitia.
548 1162 645 1205 Non
681 1176 781 1220 ergo
824 1160 962 1204 Deum
996 1170 1153 1205 nostrae
1197 1158 1378 1219 justitiae
1416 1157 1532 1204 simi-

154 1230 234 1276 lem
270 1232 508 1290 cogitemus
531 1267 541 1286 ‚
586 1229 658 1276 sed
690 1229 928 1289 cogitemus
960 1246 1038 1274 nos
1071 1228 1217 1292 potius
1249 1239 1370 1273 tauto
1409 1227 1532 1273 simi—

153 1301 276 1346 liores
303 1301 409 1358 Deo,
427 1311 591 1365 quanto
612 1318 696 1346 esse
717 1299 958 1363 poterimus
975 1303 1067 1360 ers
1092 1298 1530 1363 participationcjus-

155 1381 296 1418 tiores,

219 1441 317 1486 XX.
348 1441 393 1487 Si
414 1457 514 1501 ergo
538 1441 781 1488 cavendum
807 1451 867 1487 est
896 1458 946 1486 ne
964 1439 1146 1499 justitiae
1165 1450 1323 1485 nostrae
1349 1438 1530 1485 similem

152 1522 357 1575 putemus
379 1514 522 1558 Deum
540 1549 550 1567 ‚
576 1511 783 1575 quoniam
804 1510 949 1556 lumen
965 1509 1087 1572 quod
1106 1509 1342 1565 illuminat,
1365 1509 1531 1554 incom-

153 1581 408 1645 parabiliter
423 1581 696 1628 excellentius
713 1591 776 1627 est
799 1580 873 1626 illo
889 1579 1008 1645 qnod
1030 1579 1305 1626 illuminatur
1326 1597 1336 1624 :
1365 1589 1530 1642 quanto

154 1651 288 1712 magis
308 1653 452 1699 caveri
475 1663 666 1716 oportet,
688 1669 740 1696 ne
762 1651 927 1715 aliquid
948 1650 1125 1696 inferius
1144 1649 1386 1713 etquodam
1400 1648 1532 1694 modo

136 1721 443 1768 'decoloratius
461 1739 560 1767 eum
579 1739 664 1767 esse
688 1720 931 1776 credamus,
948 1737 1080 1783 quam
1102 1730 1163 1765 est
1181 1730 1324 1765 nostra
1342 1718 1526 1780 justitia.

155 1792 277 1849 Quid
304 1805 363 1839 est
391 1804 535 1839 autem
576 1792 694 1838 aliud
734 1792 930 1843 Justitia‚
964 1808 1064 1837 euin
1100 1792 1146 1836 in
1171 1791 1297 1836 nobis
1331 1801 1421 1845 est,
1463 1788 1530 1834 vel

155 1863 366 1926 quaelibet
399 1864 537 1909 virtus
571 1880 658 1927 qua
696 1873 809 1908 recte
847 1862 1146 1925 sapienterque
1180 1861 1368 1915 vivitur,
1398 1876 1531 1924 quain

156 1933 371 1979 interioris
397 1933 587 1979 hominis
602 1932 922 1996 pulchritudo?
939 1933 992 1977 Et
1017 1942 1131 1978 certe
1156 1931 1396 1977 secundum
1420 1930 1536 1975 hanc

156 2003 536 2067 pulchritudinem
564 2003 698 2063 magis
718 2020 851 2066 quam
877 2001 1117 2048 secundum
1141 2018 1316 2065 corpus,
1336 2000 1437 2046 facti
1461 2016 1537 2046 su-

155 2090 250 2120 mus
269 2074 325 2120 ad
349 2074 579 2134 imaginem
604 2073 696 2121 Dei.
721 2073 846 2118 Unde
865 2073 992 2118 nobis
1009 2072 1172 2119 dicitur
1191 2110 1202 2128 ,
1228 2094 1247 2113 <‹
1265 2072 1408 2118 Nolite
1422 2088 1532 2117 con-

157 2164 178 2186 »
195 2144 375 2190 formari
398 2144 503 2190 huic
522 2143 701 2194 saeculo,
729 2143 800 2189 sed
825 2143 1120 2189 reformamini
1141 2143 1186 2188 in
1205 2142 1397 2188 novitate
1416 2158 1534 2186 men-

159 2234 179 2254 »
202 2213 253 2259 tis
290 2225 442 2260 vestrae
465 2251 476 2270 ,
509 2213 562 2259 ad
592 2213 873 2276 probandum
907 2230 982 2259 vos
1001 2229 1100 2276 quae
1119 2213 1173 2259 sit
1197 2213 1398 2259 voluntas
1419 2211 1497 2256 Dei
1519 2247 1531 2265 ‚

158 2303 181 2326 ›>
201 2283 320 2347 quod
343 2284 511 2330 bonum
531 2294 573 2329 et
597 2283 917 2346 beneplacitum
938 2293 978 2329 et
996 2283 1239 2347 perfectum
1261 2283 1294 2329 2.
1321 2305 1335 2322 »
1366 2281 1411 2327 Si
1434 2297 1535 2341 ergo

157 2370 247 2399 non
264 2354 307 2400 in
333 2354 444 2400 mole
464 2371 603 2418 neque
625 2353 670 2399 in
695 2353 959 2399 distantibus
984 2371 1061 2417 per
1082 2353 1176 2399 loca
1201 2369 1276 2399 sua
1298 2352 1499 2416 partibus
1520 2388 1530 2407 ,

158 2424 272 2471 sicut
298 2442 484 2488 corpora
502 2425 590 2473 sive
610 2435 850 2471 cernuntur
867 2425 956 2471 sive
973 2424 1246 2485 cogitantur3
1266 2423 1341 2469 sed
1369 2423 1415 2469 in
1445 2422 1537 2468 vir-

158 2504 251 2541 tute
274 2494 539 2556 intelligibili
561 2532 571 2552 ‚
609 2495 750 2559 qualis
776 2506 837 2540 est
865 2495 1035 2554 justitia
1053 2531 1065 2551 ‚
1104 2504 1292 2540 mentem
1317 2492 1505 2539 dicimus
1522 2529 1533 2549 ‚

159 2567 236 2611 seu'
258 2566 480 2622 novimuS,
503 2581 575 2612 sou
601 2564 802 2611 volumus
821 2564 1077 2629 pulchram,
1099 2574 1141 2614 et
1164 2562 1402 2615 secundum
1423 2563 1537 2611 hanc

155 2685 158 2688 Α
209 2650 219 2672 ¹
244 2660 255 2679 1
281 2651 356 2681 (jor.
377 2660 398 2687 1,
421 2650 476 2692 30,
496 2651 534 2681 31
566 2665 609 2671 --
627 2646 642 2669 2
664 2650 754 2680 Rom.
775 2659 837 2686 xix,
854 2660 884 2680 α.
