1902 3268
631 274 843 305 izrrs'rorA
878 276 1047 306 Lxxxu.
1449 284 1459 313 1
1483 270 1531 313 13

159 359 290 408 quam
306 340 512 388 audacter
528 339 741 399 corrigere
757 338 1016 388 deviantem.
1045 341 1117 386 Est
1132 342 1225 389 laus
1246 345 1389 409 itaque
1407 351 1536 406 justae

157 412 375 460 libertatiS
394 412 438 458 in
463 410 618 466 Paulo,
651 421 690 456 et
708 421 869 457 sanctae
886 411 1148 459 humilitatis
1170 414 1215 460 in
1242 417 1371 462 Petro
1400 435 1410 462 :
1437 435 1538 482 quac

160 495 375 549 quantum
390 483 502 529 mihi
523 499 605 546 pro
626 481 806 528 modulo
828 499 923 528 meo
943 483 1132 540 videtur,
1160 488 1294 547 magis
1307 486 1447 534 fuerat
1462 490 1541 534 ad-

160 571 309 603 versus
327 553 667 600 calumniantem
699 553 1003 617 Porphyrium
1033 555 1323 614 defendenda,
1345 576 1474 622 quam
1496 570 1545 605 ut

163 627 201 674 ei
221 626 401 673 daretur
417 624 693 671 obtrectandi
717 629 856 685 major
880 626 1180 690 occasi03qua
1199 628 1337 675 multo
1363 630 1542 676 morda-

159 696 255 744 cius
277 695 587 743 criminaretur
617 695 890 742 Christianos
921 695 1133 743 fallaciter
1166 698 1231 744 vel
1256 716 1351 745 suas
1376 700 1542 746 litteras

159 767 367 819 scribere,
395 766 462 813 vel
488 766 570 812 Dei
584 766 647 812 sui
669 776 937 812 sacramenta
964 777 1151 829 portare.

227 839 399 886 XXIII.
424 837 609 896 Flagitas
633 855 655 882 a
678 854 762 889 me,
791 847 840 882 ut
865 837 1048 901 aliquem
1071 838 1220 885 saltem
1237 857 1371 886 unum
1399 852 1547 888 osten-

159 908 282 966 dam,
304 907 487 968 cujusin
508 907 593 953 hac
613 923 658 952 re
682 907 936 953 sententiam
965 908 1043 953 sim
1060 921 1253 966 secutuS;
1278 928 1379 957 eum
1396 923 1442 958 tu
1459 923 1547 958 tam

158 979 307 1044 plures
345 978 605 1025 nominatim
625 980 1056 1036 commemoraveris,
1081 981 1157 1044 qui
1179 992 1219 1027 te
1247 983 1293 1028 in
1334 1000 1401 1039 eo,
1422 983 1544 1047 quod

159 1050 331 1107 astruis,
361 1061 708 1114 praecesserunt3
735 1060 884 1113 petens
916 1061 965 1096 ut
991 1050 1036 1096 in
1060 1068 1110 1097 eo
1135 1053 1169 1098 si
1196 1063 1235 1098 te
1272 1053 1546 1117 reprehendo

157 1132 392 1178 errantem,
420 1122 566 1185 patiar
590 1132 630 1167 te
657 1139 798 1168 errare
821 1139 922 1168 cum
950 1122 1136 1177 talibus3
1168 1141 1356 1188 quorum
1377 1141 1455 1185 ego
1478 1125 1548 1171 fa-

159 1203 255 1239 teor
279 1192 497 1238 neminem
520 1192 630 1252 legi:
661 1192 732 1238 sed
763 1209 865 1237 cum
889 1192 972 1238 sint
990 1193 1123 1239 ferme
1154 1211 1243 1250 sex,
1271 1194 1339 1240 vel
1365 1206 1547 1258 septem,

158 1262 322 1309 horum
344 1272 533 1326 quatuor
556 1263 860 1308 auctoritatem
889 1273 934 1309 tu
965 1280 1140 1327 quoque
1174 1265 1386 1325 infringis.
1434 1267 1547 1311 Nam

157 1333 477 1389 Laodicenum,
500 1337 625 1393 cujus
648 1349 805 1379 nomen
826 1344 978 1389 traces,
1003 1333 1056 1379 de
1075 1334 1266 1380 Ecclesia
1282 1335 1391 1381 dicis
1409 1353 1550 1399 nuper

156 1420 400 1465 egressumz
425 1403 719 1450 Alexandrum
743 1415 883 1450 autem
896 1416 1080 1450 veterem
1099 1405 1352 1452 haereticum
1369 1426 1379 1460 ;
1397 1408 1549 1468 Orige-

157 1493 254 1521 uem
282 1493 382 1522 vero
404 1493 454 1522 ac
477 1475 739 1539 Didymum,
770 1477 1054 1539 reprehensos
1075 1477 1152 1521 abs
1178 1488 1232 1533 te,
1267 1477 1367 1540 lego.
1398 1478 1442 1522 in
1477 1496 1548 1524 re-

157 1545 427 1592 centioribus
456 1546 681 1610 opusculis
716 1546 828 1602 tuis,
864 1557 906 1592 et
940 1563 1025 1592 non
1052 1547 1345 1604 mediocriter,
1383 1566 1461 1594 nec
1493 1548 1546 1594 de

158 1616 456 1663 mediocribus
476 1617 812 1680 quaestiouibus,
839 1618 1039 1681 quamvis
1072 1618 1302 1678 Origenem
1327 1620 1548 1665 mirabili-

160 1698 224 1734 ter
247 1698 346 1734 ante
372 1687 628 1734 laudaveris.
662 1690 773 1733 Cum
794 1688 842 1733 iis
862 1706 962 1748 ergo
987 1706 1128 1734 errare
1144 1700 1254 1753 puto
1277 1691 1379 1753 quia
1405 1707 1483 1736 nec
1507 1701 1544 1736 te

156 1758 251 1822 ipse
275 1758 479 1823 patieris;
500 1759 700 1822 quamvis
720 1759 807 1805 hoc
836 1759 1018 1822 perinde
1039 1760 1227 1816 dicatur,
1266 1778 1316 1806 ac
1335 1761 1368 1806 si
1393 1762 1438 1806 in
1460 1761 1544 1807 hac

157 1829 368 1876 sententia
389 1846 476 1875 non
508 1830 758 1876 erraverint.
790 1832 900 1876 Nam
929 1831 1025 1893 quis
1047 1842 1130 1887 est,
1154 1832 1230 1895 qui
1248 1850 1288 1877 se
1308 1831 1411 1878 velit
1434 1850 1536 1879 cum

157 1900 358 1964 quolibet
380 1903 550 1947 errare?
572 1901 676 1946 Tres
703 1901 836 1961 igitur
865 1912 1044 1957 restant,
1065 1903 1277 1948 Eusebius
1299 1903 1537 1959 Emisenus,

160 1969 418 2018 Theodorus
432 1970 725 2027 Heracleotes,
747 1981 788 2017 et
800 1988 929 2035 quem
946 1972 1078 2035 paulo
1091 1983 1190 2036 post
1206 1990 1534 2030 commemoras,

159 2046 347 2089 Joannes
369 2041 447 2106 qui
472 2041 643 2088 dudum
660 2042 705 2088 in
725 2042 968 2107 pontificali
992 2043 1130 2103 gradu
1156 2045 1531 2111 Constantinopo-

157 2113 337 2160 litanam
356 2113 462 2159 rexit
487 2113 738 2161 Ecclesiam.

225 2185 387 2232 XXIV.
417 2186 572 2241 Porro,
594 2185 625 2230 si
640 2202 809 2249 quaeras
834 2186 900 2233 vel
922 2188 1083 2234 recolas
1101 2188 1209 2252 quid
1229 2189 1332 2234 hinc
1357 2194 1533 2236 senserit

159 2267 305 2303 noster
323 2256 594 2312 Ambrosius,
621 2257 728 2320 quid
746 2269 890 2305 noster
922 2259 1071 2305 itidem
1091 2260 1337 2323 Cyprianus
1357 2259 1392 2317 1,
1411 2262 1536 2307 inve-

160 2327 251 2374 nies
263 2326 457 2384 fortasse,
483 2344 563 2373 nec
581 2329 707 2374 nobis
723 2328 925 2385 defuisse,
952 2346 1058 2393 quos
1081 2330 1126 2375 in
1150 2347 1216 2385 eo,
1239 2330 1359 2394 quod
1382 2332 1536 2378 asseri-

160 2414 283 2454 mus,
329 2415 618 2463 sequeremur.
651 2400 940 2463 Quanquam,
981 2402 1092 2446 sicut·
1118 2400 1250 2464 paulo
1279 2412 1375 2448 ante
1419 2402 1532 2460 dixi,

163 2469 352 2516 Tantum
363 2469 495 2516 modo
504 2469 679 2534 Scripta
686 2471 742 2516 ris
752 2471 971 2518 canonicis
983 2471 1097 2518 hauc
1110 2471 1342 2532 ingenuam
1357 2471 1538 2520 debeam

210 2568 221 2592 ¹
241 2569 392 2609 Ambros,
407 2569 454 2602 vel
468 2569 611 2613 quisquis
628 2576 674 2603 est
691 2577 799 2604 auctor
813 2578 1021 2606 commentar.
1038 2572 1071 2605 in
1090 2573 1183 2617 epizt.
1202 2572 1240 2605 ad
1259 2573 1363 2606 Galat.
1378 2573 1532 2618 Cyprian-

162 2623 196 2659 iu
214 2624 304 2671 epist.
323 2636 361 2666 7¹
384 2625 423 2658 ad
442 2626 612 2668 Quintum.

325 2695 465 2727 «uvi.
1382 2685 1409 2728 8
