1902 3268
347 244 440 292 332
770 267 804 295 s.
850 267 1094 300 auersum
1134 271 1335 302 El’tsCOPt

347 327 551 383 maritus,
586 327 691 375 illuc
727 345 832 377 uxor
855 335 1115 380 conveniat:
1150 336 1267 383 dicat
1298 338 1393 394 ille,
1431 340 1602 387 Mecum
1632 352 1728 388 tene

347 396 580 454 unitatem,
610 400 712 462 quia
741 417 818 460 ego
855 419 946 447 sum
974 404 1039 448 vir
1064 416 1187 458 tuus;
1233 409 1488 471 respondeat
1520 412 1616 465 illa,
1657 411 1726 456 lbi

345 466 524 521 morior,
567 468 644 512 ubi
683 479 745 513 est
774 480 896 532 pater
920 489 1066 518 meus:
1099 485 1144 519 ut
1178 475 1221 520 in
1257 495 1342 522 uno
1383 479 1494 525 lecto
1527 480 1727 526 dividant

346 535 594 594 Christum,
638 555 747 603 quos
779 539 1059 589 detestamur.
1096 545 1127 590 si
1161 545 1358 593 dividant
1387 549 1562 597 lectum.
1592 552 1726 610 Fugi-

347 616 417 650 tur
449 609 608 656 unitas.
650 622 698 656 ut
735 613 1000 676 propinqui.
1038 626 1076 659 vt
1105 617 1245 666 cives.
1281 628 1321 662 ct
1355 620 1514 674 amici,
1549 631 1590 665 et
1626 621 1726 667 hos-

344 676 476 739 pites,
507 690 548 724 et
565 681 833 745 quicumque
858 683 939 729 sibi
966 684 1157 731 humana
1181 688 1490 734 necessitudine
1511 690 1722 750 colligati,

342 748 514 811 utrique
533 750 795 801 Christiani.
825 754 866 798 in
888 756 1099 801 conviviis
1123 757 1342 813 ineundis,
1373 759 1415 803 in
1440 761 1725 807 matrimoniis

343 818 563 865 tradendis
591 835 632 867 et
666 824 956 887 accipiendis,
994 826 1035 870 in
1079 828 1261 872 emendo
1299 847 1347 873 ac
1385 829 1635 884 vendendo,
1678 832 1723 876 in

340 889 480 950 pactis
498 901 540 935 et
563 892 757 954 placitis,
792 896 835 940 in
872 896 1231 952 salutationitms,
1265 898 1306 942 in
1342 899 1719 956 consensionibus,

338 958 383 1002 in
428 960 818 1021 collocutionibus,
850 966 894 1010 in
930 967 1134 1011 omnibus
1170 969 1255 1012 suis
1295 969 1420 1013 rebus
1455 970 1724 1033 negotiisque

337 1032 576 1078 concordes
605 1035 719 1085 sint,
757 1047 798 1081 et
832 1036 886 1081 ad
916 1039 994 1082 Dei
1031 1038 1161 1082 altare
1197 1039 1431 1085 discordes.
1480 1041 1565 1096 Qui
1606 1043 1721 1087 enim

337 1104 657 1163 quantamlibet
687 1106 861 1152 aliunde
891 1120 1149 1170 coneeptznn
1172 1146 1181 1157 .
1224 1110 1312 1154 illic
1349 1109 1557 1155 deberent
1600 1112 1722 1157 finire

336 1171 622 1230 discordiam,
648 1186 689 1221 ct
707 1178 944 1223 secundum
964 1190 1240 1242 przeccptum
1268 1180 1441 1225 Domini
1468 1217 1477 1234 ,
1505 1181 1626 1242 prius
1651 1199 1721 1226 re-

333 1244 556 1291 conciliari
589 1247 802 1293 fratribus
829 1249 940 1305 suis,
975 1260 1016 1294 et
1052 1260 1156 1295 tunc
1187 1252 1338 1295 offerre
1370 1267 1530 1296 munus
1550 1251 1717 1307 altaris,

336 1313 438 1360 alibi
465 1318 726 1374 concordes,
755 1319 817 1364 ibi
842 1319 1109 1365 discordant.

402 1387 565 1434 Aviti.
616 1389 796 1449 Fugitur
835 1391 996 1444 unitas,
1039 1401 1085 1435 ut
1120 1407 1196 1435 nos
1234 1389 1438 1436 adversus
1477 1402 1717 1438 vestrorum

336 1457 466 1518 (nolo
486 1460 599 1504 enim
637 1471 795 1505 vestras
825 1460 968 1506 dicere
982 1463 997 1507 *i
1023 1461 1324 1524 improbitates
1361 1478 1608 1524 quaeramus
1637 1480 1717 1526 pu-

332 1528 467 1573 blicas
499 1530 633 1589 leges.
668 1542 708 1576 et
744 1531 948 1577 adversus
979 1532 1094 1594 ipsas
1122 1531 1231 1591 leges
1258 1542 1481 1577 armentur
1511 1534 1718 1579 Circum-

333 1598 533 1644 celliones
549 1636 559 1654 ,
583 1617 692 1663 quas
710 1618 758 1647 eo
777 1602 872 1664 ipso
890 1602 1035 1647 furore
1056 1612 1361 1654 contemnant,
1386 1618 1472 1664 quo
1492 1603 1535 1647 in
1560 1620 1633 1648 vos
1652 1621 1720 1649 eas

332 1686 429 1714 cum
454 1670 644 1717 furerent
661 1673 917 1719 excitarunt.
948 1674 1132 1733 Fugitur
1160 1673 1325 1727 unitas,
1357 1684 1404 1718 ut
1434 1684 1586 1718 contra
1610 1691 1717 1737 pos-

331 1758 508 1787 sessores
533 1760 631 1789 suos
651 1745 869 1790 rusticana
889 1745 1079 1805 erigatur
1107 1744 1290 1790 audacia
1307 1781 1316 1798 ,
1344 1755 1386 1789 vt
1410 1744 1581 1803 fugitivi
1608 1746 1716 1791 servi

330 1824 482 1858 contra
513 1814 796 1877 apostolicam
832 1815 1135 1878 disciplinam,
1180 1832 1265 1860 non
1299 1814 1439 1860 solum
1478 1833 1496 1860 a
1529 1815 1718 1861 dominis

328 1882 589 1941 alienentur,
618 1886 897 1931 verumetiam
931 1886 1122 1931 dominis
1147 1885 1501 1931 comminentur:
1534 1903 1610 1931 nec
1644 1903 1717 1931 so-

328 1953 417 1998 lum
450 1956 789 2004 comminentur.
821 1958 893 2003 sed
921 1969 962 2003 et
995 1956 1345 2002 violentissiinis‘l
1375 1958 1718 2016 aggressionibus

329 2023 662 2086 deprzedentum
689 2028 942 2073 auctoribus
970 2039 1010 2072 et
1035 2027 1249 2081 ducibus,
1288 2037 1328 2072 et
1363 2026 1405 2072 in
1442 2028 1536 2090 ipso
1561 2028 1716 2073 scelere

326 2095 607 2157 principibus
628 2098 875 2156 agonisticis
897 2097 1222 2143 confessoribus
1253 2097 1400 2141 vestris
1418 2135 1428 2151 ,
1457 2098 1530 2160 qui
1560 2097 1610 2142 ad
1637 2098 1713 2143 Dei

323 2164 470 2210 laudes
489 2178 646 2211 ornant
669 2168 879 2213 'honorem
902 2179 1090 2214 vestrum
1110 2205 1119 2221 ,
1148 2167 1224 2230 qui
1251 2166 1304 2212 ad
1332 2167 1409 2212 Dei
1441 2166 1590 2212 laudes
1609 2167 1715 2212 fun-

322 2235 433 2281 dunt
454 2238 705 2297 sanguinem
730 2239 917 2284 alienum
934 2276 944 2295 ,
971 2250 1018 2284 ut
1035 2256 1109 2284 vos
1135 2248 1317 2301 propter
1344 2237 1571 2283 hominum
1594 2238 1713 2283 invi-

326 2307 443 2353 diam
464 2309 656 2356 collectis
675 2310 828 2357 vestris
844 2347 854 2365 ‚
877 2319 1007 2372 atque
1032 2309 1236 2354 discursis
1258 2308 1522 2370 promittatis
1541 2308 1714 2371 praedas

325 2380 409 2430 eis,
432 2398 454 2425 a
475 2380 639 2444 quibus
666 2380 825 2426 ablatae
844 2392 969 2434 sunt,
996 2380 1256 2425 reddituros
1290 2379 1379 2423 Nec
1397 2389 1536 2423 tamen
1563 2390 1603 2424 ct
1628 2379 1713 2425 hoc

324 2451 487 2506 velitis,
516 2463 560 2498 ut
580 2452 753 2498 valeatis
778 2451 980 2515 implere,
1010 2468 1062 2496 ne
1086 2450 1259 2496 illorum
1294 2448 1521 2494 audaciam
1541 2486 1550 2504 ,
1578 2466 1709 2513 quam

325 2523 406 2570 sibi
433 2534 698 2586 putaverunt
719 2525 848 2570 vestri
867 2523 1108 2587 presbyteri
1126 2521 1420 2576 necessariam,
1436 2520 1617 2566 nimium
1642 2538 1711 2566 co-

373 2607 380 2628 1
416 2605 476 2635 Lm
509 2605 742 2638 videntissinnis.
