1902 3268
681 299 894 330 :rismum
930 299 1087 330 cxv111.
1489 287 1582 352 373

201 368 248 417 in
273 382 456 429 corpore
483 363 645 428 puduit
667 380 831 427 ponere
860 381 1078 410 summum
1104 366 1290 423 bonum,
1323 368 1367 413 in
1394 368 1489 432 ipso
1514 379 1584 415 ta-

200 454 300 485 men
330 437 474 482 animo
498 446 723 499 ponentes,
751 435 863 481 infra
890 437 1039 501 utique
1060 449 1324 500 posuerunt3
1341 455 1473 502 quam
1500 439 1581 485 ubi

198 508 482 555 sincerissima
506 507 670 552 ratione
694 507 946 570 ponendum
963 518 1038 554 est.
1069 510 1186 554 luter
1205 509 1285 555 hos
1303 511 1378 573 qui
1402 511 1459 556 ita
1479 526 1582 556 sen-

198 578 313 625 tiunt
336 576 455 642 apud
484 593 646 637 graecos
674 578 962 641 philosophos
988 589 1029 624 et
1050 596 1230 626 numero
1262 591 1303 625 et
1325 580 1580 644 disputandi

195 649 439 697 subtilitate
459 649 595 695 Stoici
621 649 1051 712 praeialuerunt‚qui
1077 660 1218 695 tamen
1238 651 1281 695 in
1307 651 1579 697 naturalibus

195 737 406 784 corporea
437 720 582 765 onmia
607 736 694 764 esse
723 719 998 769 arbitrantes,
1036 721 1168 779 magis
1189 737 1210 764 a
1240 737 1369 766 carne
1392 737 1523 782 quam
1555 739 1579 766 a

195 808 381 855 corpore
408 790 601 836 animum
622 799 813 836 avertere
833 800 1084 853 potuerunt.

258 863 377 910 XVI.
410 863 528 908 Inter
554 878 624 906 eos
649 871 788 906 autem
811 862 886 923 qui
901 860 1135 906 fruendum
1163 862 1253 907 Deo
1281 879 1301 907 a
1330 879 1416 925 quo
1440 872 1483 907 et
1501 878 1578 907 nos

191 945 234 981 et
252 934 398 981 omnia
426 933 541 979 facta
566 944 667 978 sunt
683 969 694 987 ,
727 949 863 977 unum
890 943 1019 996 atque
1039 949 1258 979 summum
1282 933 1447 979 honum
1469 950 1574 979 nos-

190 1016 305 1052 trum
339 1022 425 1051 esse
449 1004 621 1059 dicunt,
650 1002 768 1067 apud
795 1003 891 1049 illos
926 1004 1201 1050 eminuerunt
1225 1005 1461 1060 Platonici,
1495 1005 1574 1068 qui

187 1092 275 1120 non
290 1074 508 1121 immerito
528 1073 582 1119 ad
600 1072 790 1119 officium
812 1090 939 1119 suum
977 1076 1190 1137 pertinere
1218 1075 1415 1121 arbitrati
1443 1084 1567 1129 sunt,

189 1145 365 1201 Stoicis,
385 1156 428 1191 et
453 1145 677 1208 Epicureis
701 1144 883 1189 maxime
900 1155 940 1189 et
959 1162 1097 1208 prope
1121 1145 1222 1192 solis
1246 1146 1425 1192 omniuo
1444 1145 1572 1191 resis-

188 1227 288 1264 tere.
320 1215 459 1261 Iidem
477 1215 645 1279 quippe
669 1214 920 1261 Academici
940 1215 1017 1278 qui
1036 1215 1274 1273 Platonici,
1297 1215 1418 1280 quod
1442 1215 1572 1262 docet

188 1286 439 1333 auditorum
473 1287 566 1350 ipsa
596 1285 822 1331 successio.
879 1285 1122 1331 Archesilas
1155 1288 1269 1332 enim
1294 1287 1367 1350 qui
1402 1286 1571 1350 primus

185 1357 403 1404 occultata
425 1357 635 1403 sententia
674 1373 768 1413 sua,
804 1356 916 1401 nihil
959 1356 1079 1402 aliud
1105 1358 1206 1403 istos
1224 1375 1356 1421 quam
1376 1358 1568 1404 refellere

185 1430 351 1485 statuit,
368 1445 517 1493 quaere
531 1429 601 1474 cui
619 1428 884 1480 successerit,
905 1427 1178 1474 Polemonem
1190 1429 1404 1475 invenies:
1423 1445 1571 1493 quaere

185 1501 256 1547 cui
280 1499 490 1545 Polemon
511 1535 522 1555 ‚
545 1499 850 1544 Xenocratem.
882 1498 1120 1544 Xenocrati
1160 1509 1306 1545 autem
1348 1499 1569 1563 discipulo

185 1570 464 1617 Academiam
489 1568 684 1615 scholam
713 1585 832 1614 suam
855 1568 1031 1632 reliquit
1053 1570 1190 1616 Plato.
1231 1570 1458 1628 Quantum
1484 1569 1570 1630 igi-

186 1654 256 1688 tur
281 1641 470 1705 pertinet
502 1640 558 1686 ad
589 1640 875 1704 quaestionem
913 1639 966 1685 de
991 1657 1162 1686 summo
1189 1640 1379 1686 hominis
1416 1641 1563 1697 bono,

184 1730 356 1760 remove
381 1728 584 1776 personas
607 1711 858 1766 hominum,
887 1721 1014 1774 atque
1050 1712 1188 1774 ipsam
1209 1712 1567 1774 disceptationem

181 1784 422 1835 constitue3
442 1781 639 1844 profecto
672 1781 858 1844 reperies
878 1780 989 1827 duos
1015 1799 1177 1828 errores
1193 1782 1306 1828 inter
1329 1800 1370 1828 se
1388 1782 1566 1844 adressa

180 1855 321 1901 fronte
357 1851 536 1899 collidi:
576 1869 713 1898 unum
755 1852 1086 1898 constituentem
1112 1853 1157 1898 in
1196 1870 1395 1916 corpore,
1430 1853 1564 1900 alium

181 1924 516 1972 constituentem
544 1923 588 1968 in
615 1922 758 1968 animo
776 1938 994 1969 summum
1021 1924 1204 1970 bonum.
1237 1925 1468 1970 Rationem
1492 1941 1566 1970 au-

180 2006 267 2041 tem
286 1994 494 2050 veritatis,
517 2010 605 2056 qua
649 2009 870 2038 summum
910 1993 1080 2039 bonum
1114 2005 1309 2040 nostrum
1347 1996 1462 2040 Deus
1480 2012 1565 2041 csse

178 2065 461 2126 intelligitur,
485 2065 659 2129 utrique
685 2064 903 2123 resistere,
942 2065 1015 2112 sed
1040 2083 1128 2112 non
1162 2067 1286 2130 prius
1310 2065 1558 2122 docentem,

180 2154 279 2184 vera
298 2153 431 2200 quam
447 2153 583 2200 prava
606 2134 905 2183 dedocentem.
936 2136 1138 2200 Idipsum
1159 2153 1332 2183 rursum
1350 2137 1566 2197 adJunctis

179 2208 373 2272 personis
396 2206 636 2259 constitue3
663 2207 849 2270 reperies
866 2207 1107 2271 Epicureos
1125 2218 1168 2254 et
1203 2207 1374 2253 Stoicos
1391 2209 1504 2256 inter
1524 2226 1566 2254 se

182 2279 387 2325 acerrime
407 2277 684 2324 dimicantes:
714 2294 863 2323 eorum
882 2295 984 2325 vero
1013 2278 1131 2325 litem
1160 2288 1366 2325 conantes
1403 2279 1564 2339 dijudi-

181 2367 280 2396 care
299 2349 565 2403 Platonicos,
582 2348 852 2395 occultantes
875 2350 1129 2396 sententiam
1161 2349 1370 2405 veritatis,
1398 2362 1440 2397 et
1458 2351 1561 2397 illo-

178 2438 277 2468 rum
307 2437 465 2467 vanam
493 2420 538 2466 in
570 2419 755 2465 falsitate
790 2419 998 2467 fiduciam
1021 2420 1329 2467 convincentes
1349 2432 1390 2466 et
1409 2422 1561 2468 redar-

178 2504 368 2557 guentes.

241 2563 488 2612 XV11.Sed
516 2580 600 2610 non
620 2563 733 2609 sicut
749 2562 811 2610 illi
827 2579 1021 2610 errorum
1037 2580 1234 2620 suorum,
1256 2564 1314 2611 ita
1342 2564 1557 2613 Platonici

177 2654 290 2686 verae
305 2636 481 2684 rationis
496 2651 723 2700 personam
738 2635 920 2699 implere
937 2645 1189 2699 potuerunt.
1213 2635 1433 2683 Omnibus
1446 2637 1559 2684 enim
