<?xml version="1.0" encoding="UTF-8"?>
<!DOCTYPE html PUBLIC "-//W3C//DTD XHTML 1.0 Transitional//EN"
    "http://www.w3.org/TR/xhtml1/DTD/xhtml1-transitional.dtd">
<html xmlns="http://www.w3.org/1999/xhtml" xml:lang="en" lang="en">
 <head>
  <title>
</title>
<meta http-equiv="Content-Type" content="text/html;charset=utf-8" />
  <meta name='ocr-system' content='tesseract 3.04.00' />
  <meta name='ocr-capabilities' content='ocr_page ocr_carea ocr_par ocr_line ocrx_word'/>
</head>
<body>
  <div class='ocr_page' id='page_1' title='image "./operaomniaaccura39auguuoft/operaomniaaccura39auguuoft_0270.png"; bbox 0 0 1902 3268; ppageno 0'>
   <div class='ocr_carea' id='block_1_1' title="bbox 361 297 1771 2696">
    <p class='ocr_par' dir='ltr' id='par_1_1' title="bbox 376 297 1351 347">
     <span class='ocr_line' id='line_1_1' title="bbox 376 297 1351 347; baseline 0.003 -3"><span class='ocrx_word' id='word_1_1' title='bbox 376 297 465 344; x_wconf 67' lang='lat'>2430</span> <span class='ocrx_word' id='word_1_2' title='bbox 775 316 808 343; x_wconf 80' lang='lat' dir='ltr'>s.</span> <span class='ocrx_word' id='word_1_3' title='bbox 857 313 1095 345; x_wconf 64' lang='lat' dir='ltr'>Assst&#39;sTlxl</span> <span class='ocrx_word' id='word_1_4' title='bbox 1137 316 1351 347; x_wconf 61' lang='lat' dir='ltr'>muse-ori.</span> 
     </span>
    </p>

    <p class='ocr_par' dir='ltr' id='par_1_2' title="bbox 361 377 1755 1342">
     <span class='ocr_line' id='line_1_2' title="bbox 439 377 1755 447; baseline 0.002 -23"><span class='ocrx_word' id='word_1_5' title='bbox 439 379 515 425; x_wconf 70' lang='lat' dir='ltr'>lx.</span> <span class='ocrx_word' id='word_1_6' title='bbox 550 377 662 423; x_wconf 81' lang='lat' dir='ltr'>Huic</span> <span class='ocrx_word' id='word_1_7' title='bbox 682 378 971 440; x_wconf 78' lang='lat' dir='ltr'>propositioni</span> <span class='ocrx_word' id='word_1_8' title='bbox 997 380 1305 443; x_wconf 79' lang='lat' dir='ltr'>respondetur,</span> <span class='ocrx_word' id='word_1_9' title='bbox 1335 391 1383 426; x_wconf 86' lang='lat' dir='ltr'>ut</span> <span class='ocrx_word' id='word_1_10' title='bbox 1405 381 1550 446; x_wconf 88' lang='lat' dir='ltr'>primo</span> <span class='ocrx_word' id='word_1_11' title='bbox 1576 381 1660 447; x_wconf 82' lang='lat' dir='ltr'>ipsi</span> <span class='ocrx_word' id='word_1_12' title='bbox 1682 379 1755 427; x_wconf 90' lang='lat' dir='ltr'>di-</span> 
     </span>
     <span class='ocr_line' id='line_1_3' title="bbox 369 446 1750 509; baseline 0.001 -13"><span class='ocrx_word' id='word_1_13' title='bbox 369 461 489 504; x_wconf 82' lang='lat' dir='ltr'>cant,</span> <span class='ocrx_word' id='word_1_14' title='bbox 513 459 657 494; x_wconf 84' lang='lat' dir='ltr'>utrum</span> <span class='ocrx_word' id='word_1_15' title='bbox 677 446 923 509; x_wconf 72' lang='lat' dir='ltr'>profuerint</span> <span class='ocrx_word' id='word_1_16' title='bbox 943 448 1197 495; x_wconf 88' lang='lat' dir='ltr'>hominibus</span> <span class='ocrx_word' id='word_1_17' title='bbox 1211 450 1390 497; x_wconf 85' lang='lat' dir='ltr'>deorum</span> <span class='ocrx_word' id='word_1_18' title='bbox 1412 468 1589 497; x_wconf 85' lang='lat' dir='ltr'>suorum</span> <span class='ocrx_word' id='word_1_19' title='bbox 1613 468 1750 508; x_wconf 84' lang='lat' dir='ltr'>sacra,</span> 
     </span>
     <span class='ocr_line' id='line_1_4' title="bbox 367 517 1753 584; baseline -0.001 -17"><span class='ocrx_word' id='word_1_20' title='bbox 367 537 468 584; x_wconf 70' lang='lat' dir='ltr'>queo</span> <span class='ocrx_word' id='word_1_21' title='bbox 492 529 661 565; x_wconf 81' lang='lat' dir='ltr'>constat</span> <span class='ocrx_word' id='word_1_22' title='bbox 694 517 819 563; x_wconf 86' lang='lat' dir='ltr'>certis</span> <span class='ocrx_word' id='word_1_23' title='bbox 865 518 1137 580; x_wconf 78' lang='lat' dir='ltr'>temporibus</span> <span class='ocrx_word' id='word_1_24' title='bbox 1162 519 1373 567; x_wconf 80' lang='lat' dir='ltr'>instituta.</span> <span class='ocrx_word' id='word_1_25' title='bbox 1406 522 1517 579; x_wconf 70' lang='lat' dir='ltr'>Quae</span> <span class='ocrx_word' id='word_1_26' title='bbox 1540 522 1573 566; x_wconf 81' lang='lat' dir='ltr'>si</span> <span class='ocrx_word' id='word_1_27' title='bbox 1597 530 1753 581; x_wconf 80' lang='lat' dir='ltr'>negant</span> 
     </span>
     <span class='ocr_line' id='line_1_5' title="bbox 368 587 1752 652; baseline 0 -16"><span class='ocrx_word' id='word_1_28' title='bbox 368 589 534 652; x_wconf 76' lang='lat' dir='ltr'>aliquid</span> <span class='ocrx_word' id='word_1_29' title='bbox 573 588 785 652; x_wconf 76' lang='lat' dir='ltr'>profuisse</span> <span class='ocrx_word' id='word_1_30' title='bbox 828 587 882 632; x_wconf 75' lang='lat' dir='ltr'>ad</span> <span class='ocrx_word' id='word_1_31' title='bbox 925 589 1169 633; x_wconf 80' lang='lat' dir='ltr'>animarum</span> <span class='ocrx_word' id='word_1_32' title='bbox 1207 590 1404 646; x_wconf 74' lang='lat' dir='ltr'>salntem,</span> <span class='ocrx_word' id='word_1_33' title='bbox 1449 591 1679 636; x_wconf 86' lang='lat' dir='ltr'>nobiseum</span> <span class='ocrx_word' id='word_1_34' title='bbox 1703 608 1752 636; x_wconf 87' lang='lat' dir='ltr'>ea</span> 
     </span>
     <span class='ocr_line' id='line_1_6' title="bbox 367 658 1752 723; baseline 0 -17"><span class='ocrx_word' id='word_1_35' title='bbox 367 660 614 715; x_wconf 84' lang='lat' dir='ltr'>destruunt,</span> <span class='ocrx_word' id='word_1_36' title='bbox 638 669 679 704; x_wconf 89' lang='lat' dir='ltr'>et</span> <span class='ocrx_word' id='word_1_37' title='bbox 703 675 789 703; x_wconf 87' lang='lat' dir='ltr'>esse</span> <span class='ocrx_word' id='word_1_38' title='bbox 812 658 957 704; x_wconf 69' lang='lat' dir='ltr'>inania</span> <span class='ocrx_word' id='word_1_39' title='bbox 989 660 1266 706; x_wconf 75' lang='lat' dir='ltr'>confitentur.</span> <span class='ocrx_word' id='word_1_40' title='bbox 1304 661 1392 706; x_wconf 79' lang='lat' dir='ltr'>Nos</span> <span class='ocrx_word' id='word_1_41' title='bbox 1418 661 1595 723; x_wconf 85' lang='lat' dir='ltr'>quidem</span> <span class='ocrx_word' id='word_1_42' title='bbox 1622 660 1752 706; x_wconf 82' lang='lat' dir='ltr'>etiam</span> 
     </span>
     <span class='ocr_line' id='line_1_7' title="bbox 367 729 1746 794; baseline -0.001 -18"><span class='ocrx_word' id='word_1_43' title='bbox 367 731 610 794; x_wconf 78' lang='lat' dir='ltr'>perniciosa</span> <span class='ocrx_word' id='word_1_44' title='bbox 640 740 952 783; x_wconf 76' lang='lat' dir='ltr'>monstramus;</span> <span class='ocrx_word' id='word_1_45' title='bbox 976 729 1047 775; x_wconf 85' lang='lat' dir='ltr'>sed</span> <span class='ocrx_word' id='word_1_46' title='bbox 1077 747 1234 792; x_wconf 85' lang='lat' dir='ltr'>parum</span> <span class='ocrx_word' id='word_1_47' title='bbox 1265 747 1352 775; x_wconf 90' lang='lat' dir='ltr'>non</span> <span class='ocrx_word' id='word_1_48' title='bbox 1374 740 1435 775; x_wconf 88' lang='lat' dir='ltr'>est</span> <span class='ocrx_word' id='word_1_49' title='bbox 1458 742 1506 776; x_wconf 91' lang='lat' dir='ltr'>ut</span> <span class='ocrx_word' id='word_1_50' title='bbox 1528 731 1611 794; x_wconf 88' lang='lat' dir='ltr'>ipsi</span> <span class='ocrx_word' id='word_1_51' title='bbox 1632 730 1746 775; x_wconf 81' lang='lat' dir='ltr'>inte-</span> 
     </span>
     <span class='ocr_line' id='line_1_8' title="bbox 361 799 1748 864; baseline -0.001 -18"><span class='ocrx_word' id='word_1_52' title='bbox 361 803 445 846; x_wconf 84' lang='lat' dir='ltr'>rim</span> <span class='ocrx_word' id='word_1_53' title='bbox 463 802 586 864; x_wconf 88' lang='lat' dir='ltr'>prius</span> <span class='ocrx_word' id='word_1_54' title='bbox 609 801 752 846; x_wconf 71' lang='lat' dir='ltr'>inania</span> <span class='ocrx_word' id='word_1_55' title='bbox 788 801 1019 847; x_wconf 74' lang='lat' dir='ltr'>fateantur.</span> <span class='ocrx_word' id='word_1_56' title='bbox 1055 799 1101 845; x_wconf 81' lang='lat' dir='ltr'>Si</span> <span class='ocrx_word' id='word_1_57' title='bbox 1122 817 1223 846; x_wconf 84' lang='lat' dir='ltr'>vero</span> <span class='ocrx_word' id='word_1_58' title='bbox 1262 817 1310 845; x_wconf 81' lang='lat' dir='ltr'>ea</span> <span class='ocrx_word' id='word_1_59' title='bbox 1334 800 1581 857; x_wconf 83' lang='lat' dir='ltr'>defindunt‚</span> <span class='ocrx_word' id='word_1_60' title='bbox 1607 810 1649 845; x_wconf 87' lang='lat' dir='ltr'>et</span> <span class='ocrx_word' id='word_1_61' title='bbox 1679 817 1748 846; x_wconf 78' lang='lat' dir='ltr'>sa-</span> 
     </span>
     <span class='ocr_line' id='line_1_9' title="bbox 363 870 1749 935; baseline -0.001 -19"><span class='ocrx_word' id='word_1_62' title='bbox 363 872 534 935; x_wconf 87' lang='lat' dir='ltr'>pienter</span> <span class='ocrx_word' id='word_1_63' title='bbox 575 882 702 934; x_wconf 80' lang='lat' dir='ltr'>atque</span> <span class='ocrx_word' id='word_1_64' title='bbox 724 870 885 915; x_wconf 65' lang='lat' dir='ltr'>utiliter</span> <span class='ocrx_word' id='word_1_65' title='bbox 906 881 1099 915; x_wconf 71' lang='lat' dir='ltr'>asserunt</span> <span class='ocrx_word' id='word_1_66' title='bbox 1125 871 1342 926; x_wconf 76' lang='lat' dir='ltr'>instituta;</span> <span class='ocrx_word' id='word_1_67' title='bbox 1369 887 1519 933; x_wconf 79' lang='lat' dir='ltr'>quaero</span> <span class='ocrx_word' id='word_1_68' title='bbox 1543 870 1651 933; x_wconf 90' lang='lat' dir='ltr'>quid</span> <span class='ocrx_word' id='word_1_69' title='bbox 1673 887 1749 915; x_wconf 79' lang='lat' dir='ltr'>ac·-</span> 
     </span>
     <span class='ocr_line' id='line_1_10' title="bbox 367 941 1751 1006; baseline -0.001 -19"><span class='ocrx_word' id='word_1_70' title='bbox 367 954 462 987; x_wconf 86' lang='lat' dir='ltr'>tum</span> <span class='ocrx_word' id='word_1_71' title='bbox 484 943 554 992; x_wconf 75' lang='lat' dir='ltr'>sit.</span> <span class='ocrx_word' id='word_1_72' title='bbox 584 942 637 987; x_wconf 82' lang='lat' dir='ltr'>de</span> <span class='ocrx_word' id='word_1_73' title='bbox 655 942 720 986; x_wconf 84' lang='lat' dir='ltr'>liis</span> <span class='ocrx_word' id='word_1_74' title='bbox 741 941 817 1006; x_wconf 81' lang='lat' dir='ltr'>qui</span> <span class='ocrx_word' id='word_1_75' title='bbox 841 952 1071 1004; x_wconf 77' lang='lat' dir='ltr'>antequam</span> <span class='ocrx_word' id='word_1_76' title='bbox 1095 941 1191 987; x_wconf 72' lang='lat' dir='ltr'>liaee</span> <span class='ocrx_word' id='word_1_77' title='bbox 1217 941 1415 987; x_wconf 77' lang='lat' dir='ltr'>instituta</span> <span class='ocrx_word' id='word_1_78' title='bbox 1439 952 1594 996; x_wconf 80' lang='lat' dir='ltr'>essent,</span> <span class='ocrx_word' id='word_1_79' title='bbox 1615 950 1751 986; x_wconf 87' lang='lat' dir='ltr'>morte</span> 
     </span>
     <span class='ocr_line' id='line_1_11' title="bbox 364 1010 1751 1075; baseline -0.001 -17"><span class='ocrx_word' id='word_1_80' title='bbox 364 1013 569 1058; x_wconf 87' lang='lat' dir='ltr'>obierunt</span> <span class='ocrx_word' id='word_1_81' title='bbox 598 1030 608 1057; x_wconf 73' lang='grc' dir='ltr'>ς</span> <span class='ocrx_word' id='word_1_82' title='bbox 639 1012 723 1058; x_wconf 80' lang='lat' dir='ltr'>hac</span> <span class='ocrx_word' id='word_1_83' title='bbox 750 1012 864 1057; x_wconf 81' lang='lat' dir='ltr'>enini</span> <span class='ocrx_word' id='word_1_84' title='bbox 891 1013 1041 1075; x_wconf 78' lang='lat' dir='ltr'>utique</span> <span class='ocrx_word' id='word_1_85' title='bbox 1077 1012 1214 1056; x_wconf 75' lang='lat' dir='ltr'>salute</span> <span class='ocrx_word' id='word_1_86' title='bbox 1239 1022 1369 1075; x_wconf 77' lang='lat' dir='ltr'>atque</span> <span class='ocrx_word' id='word_1_87' title='bbox 1413 1011 1597 1056; x_wconf 75' lang='lat' dir='ltr'>utilitate</span> <span class='ocrx_word' id='word_1_88' title='bbox 1626 1010 1751 1056; x_wconf 82' lang='lat' dir='ltr'>frau-</span> 
     </span>
     <span class='ocr_line' id='line_1_12' title="bbox 368 1081 1753 1145; baseline -0.002 -16"><span class='ocrx_word' id='word_1_89' title='bbox 368 1083 458 1129; x_wconf 80' lang='lat' dir='ltr'>dati</span> <span class='ocrx_word' id='word_1_90' title='bbox 477 1094 590 1130; x_wconf 82' lang='lat' dir='ltr'>sunt.</span> <span class='ocrx_word' id='word_1_91' title='bbox 641 1084 685 1128; x_wconf 84' lang='lat' dir='ltr'>Si</span> <span class='ocrx_word' id='word_1_92' title='bbox 724 1094 867 1127; x_wconf 81' lang='lat' dir='ltr'>autem</span> <span class='ocrx_word' id='word_1_93' title='bbox 893 1094 1133 1144; x_wconf 86' lang='lat' dir='ltr'>potuerunt</span> <span class='ocrx_word' id='word_1_94' title='bbox 1150 1082 1243 1127; x_wconf 65' lang='lat' dir='ltr'>*ulio</span> <span class='ocrx_word' id='word_1_95' title='bbox 1269 1082 1399 1127; x_wconf 86' lang='lat' dir='ltr'>niodo</span> <span class='ocrx_word' id='word_1_96' title='bbox 1440 1081 1635 1145; x_wconf 76' lang='lat' dir='ltr'>purgari,</span> <span class='ocrx_word' id='word_1_97' title='bbox 1674 1098 1753 1126; x_wconf 86' lang='lat' dir='ltr'>cur</span> 
     </span>
     <span class='ocr_line' id='line_1_13' title="bbox 364 1153 1755 1215; baseline -0.002 -16"><span class='ocrx_word' id='word_1_98' title='bbox 364 1171 454 1200; x_wconf 88' lang='lat' dir='ltr'>non</span> <span class='ocrx_word' id='word_1_99' title='bbox 479 1153 594 1199; x_wconf 87' lang='lat' dir='ltr'>idem</span> <span class='ocrx_word' id='word_1_100' title='bbox 613 1153 768 1198; x_wconf 82' lang='lat' dir='ltr'>modus</span> <span class='ocrx_word' id='word_1_101' title='bbox 783 1153 1071 1215; x_wconf 78' lang='lat' dir='ltr'>perseveravit</span> <span class='ocrx_word' id='word_1_102' title='bbox 1087 1153 1131 1197; x_wconf 90' lang='lat' dir='ltr'>in</span> <span class='ocrx_word' id='word_1_103' title='bbox 1152 1155 1374 1215; x_wconf 74' lang='lat' dir='ltr'>posteros?</span> <span class='ocrx_word' id='word_1_104' title='bbox 1400 1153 1519 1208; x_wconf 84' lang='lat' dir='ltr'>Quid</span> <span class='ocrx_word' id='word_1_105' title='bbox 1536 1169 1646 1215; x_wconf 88' lang='lat' dir='ltr'>opus</span> <span class='ocrx_word' id='word_1_106' title='bbox 1664 1161 1755 1196; x_wconf 75' lang='lat' dir='ltr'>erat</span> 
     </span>
     <span class='ocr_line' id='line_1_14' title="bbox 365 1224 1754 1287; baseline -0.004 -15"><span class='ocrx_word' id='word_1_107' title='bbox 365 1226 587 1272; x_wconf 78' lang='lat' dir='ltr'>instituere</span> <span class='ocrx_word' id='word_1_108' title='bbox 621 1225 804 1271; x_wconf 73' lang='lat' dir='ltr'>novitias</span> <span class='ocrx_word' id='word_1_109' title='bbox 840 1224 1217 1281; x_wconf 76' lang='lat' dir='ltr'>consecrationes,</span> <span class='ocrx_word' id='word_1_110' title='bbox 1259 1240 1359 1287; x_wconf 83' lang='lat' dir='ltr'>quae</span> <span class='ocrx_word' id='word_1_111' title='bbox 1388 1224 1630 1286; x_wconf 80' lang='lat' dir='ltr'>antiquitus</span> <span class='ocrx_word' id='word_1_112' title='bbox 1667 1239 1754 1268; x_wconf 91' lang='lat' dir='ltr'>non</span> 
     </span>
     <span class='ocr_line' id='line_1_15' title="bbox 367 1296 574 1342; baseline -0.005 0"><span class='ocrx_word' id='word_1_113' title='bbox 367 1296 574 1342; x_wconf 61' lang='lat' dir='ltr'>fuerunt?</span> 
     </span>
    </p>

    <p class='ocr_par' dir='ltr' id='par_1_3' title="bbox 365 1363 1771 2696">
     <span class='ocr_line' id='line_1_16' title="bbox 436 1363 1755 1428; baseline -0.003 -15"><span class='ocrx_word' id='word_1_114' title='bbox 436 1368 491 1414; x_wconf 84' lang='lat' dir='ltr'>X.</span> <span class='ocrx_word' id='word_1_115' title='bbox 511 1366 594 1412; x_wconf 83' lang='lat' dir='ltr'>Hic</span> <span class='ocrx_word' id='word_1_116' title='bbox 613 1364 815 1411; x_wconf 83' lang='lat' dir='ltr'>sidicunt</span> <span class='ocrx_word' id='word_1_117' title='bbox 832 1363 934 1411; x_wconf 86' lang='lat' dir='ltr'>deos</span> <span class='ocrx_word' id='word_1_118' title='bbox 954 1363 1130 1428; x_wconf 86' lang='lat' dir='ltr'>quidem</span> <span class='ocrx_word' id='word_1_119' title='bbox 1153 1364 1269 1428; x_wconf 85' lang='lat' dir='ltr'>ipsos</span> <span class='ocrx_word' id='word_1_120' title='bbox 1291 1381 1461 1427; x_wconf 79' lang='lat' dir='ltr'>semper</span> <span class='ocrx_word' id='word_1_121' title='bbox 1476 1364 1622 1420; x_wconf 87' lang='lat' dir='ltr'>fuisse,</span> <span class='ocrx_word' id='word_1_122' title='bbox 1642 1374 1684 1409; x_wconf 88' lang='lat' dir='ltr'>et</span> <span class='ocrx_word' id='word_1_123' title='bbox 1701 1363 1755 1409; x_wconf 81' lang='lat' dir='ltr'>ad</span> 
     </span>
     <span class='ocr_line' id='line_1_17' title="bbox 365 1433 1757 1498; baseline -0.004 -14"><span class='ocrx_word' id='word_1_124' title='bbox 365 1436 617 1485; x_wconf 80' lang='lat' dir='ltr'>liberandos</span> <span class='ocrx_word' id='word_1_125' title='bbox 632 1436 818 1482; x_wconf 85' lang='lat' dir='ltr'>cultores</span> <span class='ocrx_word' id='word_1_126' title='bbox 837 1451 934 1480; x_wconf 83' lang='lat' dir='ltr'>suos</span> <span class='ocrx_word' id='word_1_127' title='bbox 956 1436 1122 1497; x_wconf 79' lang='lat' dir='ltr'>pariter</span> <span class='ocrx_word' id='word_1_128' title='bbox 1152 1436 1316 1498; x_wconf 87' lang='lat' dir='ltr'>ubique</span> <span class='ocrx_word' id='word_1_129' title='bbox 1340 1435 1544 1491; x_wconf 80' lang='lat' dir='ltr'>valuisse3</span> <span class='ocrx_word' id='word_1_130' title='bbox 1569 1433 1641 1479; x_wconf 80' lang='lat' dir='ltr'>sed</span> <span class='ocrx_word' id='word_1_131' title='bbox 1674 1450 1757 1497; x_wconf 87' lang='lat' dir='ltr'>pro</span> 
     </span>
     <span class='ocr_line' id='line_1_18' title="bbox 367 1504 1758 1567; baseline -0.005 -12"><span class='ocrx_word' id='word_1_132' title='bbox 367 1510 576 1556; x_wconf 79' lang='lat' dir='ltr'>varietate</span> <span class='ocrx_word' id='word_1_133' title='bbox 600 1523 743 1552; x_wconf 83' lang='lat' dir='ltr'>rerum</span> <span class='ocrx_word' id='word_1_134' title='bbox 767 1506 1072 1567; x_wconf 69' lang='lat' dir='ltr'>temporalium</span> <span class='ocrx_word' id='word_1_135' title='bbox 1095 1522 1145 1550; x_wconf 77' lang='lat' dir='ltr'>ae</span> <span class='ocrx_word' id='word_1_136' title='bbox 1170 1515 1456 1560; x_wconf 78' lang='lat' dir='ltr'>terrenarum,</span> <span class='ocrx_word' id='word_1_137' title='bbox 1480 1521 1580 1567; x_wconf 82' lang='lat' dir='ltr'>quae</span> <span class='ocrx_word' id='word_1_138' title='bbox 1599 1504 1758 1548; x_wconf 84' lang='lat' dir='ltr'>scirent</span> 
     </span>
     <span class='ocr_line' id='line_1_19' title="bbox 369 1574 1759 1640; baseline -0.006 -14"><span class='ocrx_word' id='word_1_139' title='bbox 369 1580 498 1626; x_wconf 85' lang='lat' dir='ltr'>certis</span> <span class='ocrx_word' id='word_1_140' title='bbox 524 1577 797 1640; x_wconf 80' lang='lat' dir='ltr'>temporibus</span> <span class='ocrx_word' id='word_1_141' title='bbox 828 1575 1021 1638; x_wconf 80' lang='lat' dir='ltr'>locisque</span> <span class='ocrx_word' id='word_1_142' title='bbox 1049 1592 1304 1635; x_wconf 78' lang='lat' dir='ltr'>congruere,</span> <span class='ocrx_word' id='word_1_143' title='bbox 1331 1575 1374 1620; x_wconf 88' lang='lat' dir='ltr'>in</span> <span class='ocrx_word' id='word_1_144' title='bbox 1401 1574 1469 1618; x_wconf 84' lang='lat' dir='ltr'>his</span> <span class='ocrx_word' id='word_1_145' title='bbox 1496 1574 1599 1619; x_wconf 80' lang='lat' dir='ltr'>alias</span> <span class='ocrx_word' id='word_1_146' title='bbox 1630 1584 1759 1636; x_wconf 83' lang='lat' dir='ltr'>atque</span> 
     </span>
     <span class='ocr_line' id='line_1_20' title="bbox 375 1642 1759 1709; baseline -0.005 -14"><span class='ocrx_word' id='word_1_147' title='bbox 375 1649 497 1704; x_wconf 80' lang='lat' dir='ltr'>alias,</span> <span class='ocrx_word' id='word_1_148' title='bbox 516 1648 620 1694; x_wconf 82' lang='lat' dir='ltr'>alibi</span> <span class='ocrx_word' id='word_1_149' title='bbox 640 1657 767 1709; x_wconf 76' lang='lat' dir='ltr'>atque</span> <span class='ocrx_word' id='word_1_150' title='bbox 787 1645 908 1697; x_wconf 75' lang='lat' dir='ltr'>alibi,</span> <span class='ocrx_word' id='word_1_151' title='bbox 938 1645 1061 1690; x_wconf 77' lang='lat' dir='ltr'>aliter</span> <span class='ocrx_word' id='word_1_152' title='bbox 1075 1657 1205 1708; x_wconf 75' lang='lat' dir='ltr'>atque</span> <span class='ocrx_word' id='word_1_153' title='bbox 1225 1645 1348 1690; x_wconf 76' lang='lat' dir='ltr'>aliter</span> <span class='ocrx_word' id='word_1_154' title='bbox 1370 1644 1455 1689; x_wconf 88' lang='lat' dir='ltr'>sibi</span> <span class='ocrx_word' id='word_1_155' title='bbox 1474 1642 1659 1689; x_wconf 76' lang='lat' dir='ltr'>voluisse</span> <span class='ocrx_word' id='word_1_156' title='bbox 1675 1659 1759 1688; x_wconf 85' lang='lat' dir='ltr'>ser-</span> 
     </span>
     <span class='ocr_line' id='line_1_21' title="bbox 374 1714 1759 1779; baseline -0.006 -13"><span class='ocrx_word' id='word_1_157' title='bbox 374 1720 458 1765; x_wconf 78' lang='lat' dir='ltr'>viri</span> <span class='ocrx_word' id='word_1_158' title='bbox 480 1737 490 1764; x_wconf 76' lang='lat' dir='ltr'>t</span> <span class='ocrx_word' id='word_1_159' title='bbox 513 1735 592 1764; x_wconf 89' lang='lat' dir='ltr'>cur</span> <span class='ocrx_word' id='word_1_160' title='bbox 610 1718 727 1762; x_wconf 80' lang='lat' dir='ltr'>hanc</span> <span class='ocrx_word' id='word_1_161' title='bbox 747 1717 1032 1779; x_wconf 76' lang='lat' dir='ltr'>quaestionem</span> <span class='ocrx_word' id='word_1_162' title='bbox 1054 1716 1304 1761; x_wconf 63' lang='lat' dir='ltr'>christiana}</span> <span class='ocrx_word' id='word_1_163' title='bbox 1323 1714 1519 1773; x_wconf 82' lang='lat' dir='ltr'>religioni</span> <span class='ocrx_word' id='word_1_164' title='bbox 1541 1714 1759 1774; x_wconf 80' lang='lat' dir='ltr'>ingerunt,</span> 
     </span>
     <span class='ocr_line' id='line_1_22' title="bbox 378 1785 1761 1854; baseline -0.007 -17"><span class='ocrx_word' id='word_1_165' title='bbox 378 1792 423 1837; x_wconf 88' lang='lat' dir='ltr'>in</span> <span class='ocrx_word' id='word_1_166' title='bbox 446 1807 533 1854; x_wconf 80' lang='lat' dir='ltr'>qua</span> <span class='ocrx_word' id='word_1_167' title='bbox 557 1787 684 1833; x_wconf 82' lang='lat' dir='ltr'>nobis</span> <span class='ocrx_word' id='word_1_168' title='bbox 718 1787 800 1849; x_wconf 77' lang='lat' dir='ltr'>ipsi</span> <span class='ocrx_word' id='word_1_169' title='bbox 822 1803 904 1848; x_wconf 79' lang='lat' dir='ltr'>pro</span> <span class='ocrx_word' id='word_1_170' title='bbox 925 1785 1008 1830; x_wconf 79' lang='lat' dir='ltr'>diis</span> <span class='ocrx_word' id='word_1_171' title='bbox 1032 1787 1117 1830; x_wconf 87' lang='lat' dir='ltr'>suis</span> <span class='ocrx_word' id='word_1_172' title='bbox 1138 1797 1211 1831; x_wconf 76' lang='lat' dir='ltr'>aut</span> <span class='ocrx_word' id='word_1_173' title='bbox 1236 1785 1496 1848; x_wconf 83' lang='lat' dir='ltr'>respondere</span> <span class='ocrx_word' id='word_1_174' title='bbox 1532 1801 1618 1829; x_wconf 88' lang='lat' dir='ltr'>non</span> <span class='ocrx_word' id='word_1_175' title='bbox 1654 1800 1761 1846; x_wconf 84' lang='lat' dir='ltr'>pos-</span> 
     </span>
     <span class='ocr_line' id='line_1_23' title="bbox 378 1852 1762 1920; baseline -0.007 -13"><span class='ocrx_word' id='word_1_176' title='bbox 378 1871 496 1916; x_wconf 84' lang='lat' dir='ltr'>sunt,</span> <span class='ocrx_word' id='word_1_177' title='bbox 526 1869 598 1904; x_wconf 83' lang='lat' dir='ltr'>aut</span> <span class='ocrx_word' id='word_1_178' title='bbox 621 1857 653 1902; x_wconf 80' lang='lat' dir='ltr'>si</span> <span class='ocrx_word' id='word_1_179' title='bbox 674 1866 873 1920; x_wconf 67' lang='lat' dir='ltr'>possunt„</span> <span class='ocrx_word' id='word_1_180' title='bbox 899 1856 943 1901; x_wconf 88' lang='lat' dir='ltr'>in</span> <span class='ocrx_word' id='word_1_181' title='bbox 965 1872 1013 1900; x_wconf 89' lang='lat' dir='ltr'>eo</span> <span class='ocrx_word' id='word_1_182' title='bbox 1030 1856 1124 1918; x_wconf 83' lang='lat' dir='ltr'>ipso</span> <span class='ocrx_word' id='word_1_183' title='bbox 1150 1856 1232 1901; x_wconf 83' lang='lat' dir='ltr'>sibi</span> <span class='ocrx_word' id='word_1_184' title='bbox 1251 1855 1378 1900; x_wconf 82' lang='lat' dir='ltr'>etiam</span> <span class='ocrx_word' id='word_1_185' title='bbox 1401 1871 1482 1917; x_wconf 83' lang='lat' dir='ltr'>pro</span> <span class='ocrx_word' id='word_1_186' title='bbox 1498 1864 1643 1899; x_wconf 81' lang='lat' dir='ltr'>nostra</span> <span class='ocrx_word' id='word_1_187' title='bbox 1663 1852 1762 1898; x_wconf 86' lang='lat' dir='ltr'>reli-</span> 
     </span>
     <span class='ocr_line' id='line_1_24' title="bbox 378 1925 1763 1992; baseline -0.005 -16"><span class='ocrx_word' id='word_1_188' title='bbox 378 1932 503 1992; x_wconf 84' lang='lat' dir='ltr'>gione</span> <span class='ocrx_word' id='word_1_189' title='bbox 523 1927 839 1991; x_wconf 71' lang='lat' dir='ltr'>respondeant,</span> <span class='ocrx_word' id='word_1_190' title='bbox 861 1927 918 1970; x_wconf 78' lang='lat' dir='ltr'>itu</span> <span class='ocrx_word' id='word_1_191' title='bbox 942 1926 1055 1970; x_wconf 80' lang='lat' dir='ltr'>nihil</span> <span class='ocrx_word' id='word_1_192' title='bbox 1076 1925 1274 1971; x_wconf 82' lang='lat' dir='ltr'>interesse</span> <span class='ocrx_word' id='word_1_193' title='bbox 1294 1942 1374 1988; x_wconf 88' lang='lat' dir='ltr'>pro</span> <span class='ocrx_word' id='word_1_194' title='bbox 1406 1926 1574 1970; x_wconf 84' lang='lat' dir='ltr'>diversa</span> <span class='ocrx_word' id='word_1_195' title='bbox 1597 1935 1763 1987; x_wconf 85' lang='lat' dir='ltr'>tempo-</span> 
     </span>
     <span class='ocr_line' id='line_1_25' title="bbox 381 1994 1763 2060; baseline -0.005 -14"><span class='ocrx_word' id='word_1_196' title='bbox 381 2018 476 2046; x_wconf 89' lang='lat' dir='ltr'>rum</span> <span class='ocrx_word' id='word_1_197' title='bbox 504 1999 791 2060; x_wconf 82' lang='lat' dir='ltr'>locorumque</span> <span class='ocrx_word' id='word_1_198' title='bbox 816 1996 1116 2054; x_wconf 76' lang='lat' dir='ltr'>congruentia,</span> <span class='ocrx_word' id='word_1_199' title='bbox 1139 2013 1270 2058; x_wconf 76' lang='lat' dir='ltr'>quan]</span> <span class='ocrx_word' id='word_1_200' title='bbox 1292 1995 1469 2040; x_wconf 82' lang='lat' dir='ltr'>diversis</span> <span class='ocrx_word' id='word_1_201' title='bbox 1485 1994 1763 2040; x_wconf 80' lang='lat' dir='ltr'>sacramentiS</span> 
     </span>
     <span class='ocr_line' id='line_1_26' title="bbox 385 2064 1765 2130; baseline -0.007 -13"><span class='ocrx_word' id='word_1_202' title='bbox 385 2070 574 2123; x_wconf 71' lang='lat' dir='ltr'>colatur,</span> <span class='ocrx_word' id='word_1_203' title='bbox 599 2068 631 2113; x_wconf 85' lang='lat' dir='ltr'>si</span> <span class='ocrx_word' id='word_1_204' title='bbox 649 2066 768 2130; x_wconf 71' lang='lat' dir='ltr'>quod</span> <span class='ocrx_word' id='word_1_205' title='bbox 791 2065 949 2110; x_wconf 84' lang='lat' dir='ltr'>colitur</span> <span class='ocrx_word' id='word_1_206' title='bbox 983 2077 1180 2111; x_wconf 77' lang='lat' dir='ltr'>sanctuni</span> <span class='ocrx_word' id='word_1_207' title='bbox 1224 2076 1302 2120; x_wconf 78' lang='lat' dir='ltr'>est,</span> <span class='ocrx_word' id='word_1_208' title='bbox 1327 2065 1437 2111; x_wconf 84' lang='lat' dir='ltr'>sieut</span> <span class='ocrx_word' id='word_1_209' title='bbox 1458 2064 1568 2110; x_wconf 81' lang='lat' dir='ltr'>nihil</span> <span class='ocrx_word' id='word_1_210' title='bbox 1589 2065 1765 2110; x_wconf 87' lang='lat' dir='ltr'>interest</span> 
     </span>
     <span class='ocr_line' id='line_1_27' title="bbox 385 2134 1763 2206; baseline -0.007 -20"><span class='ocrx_word' id='word_1_211' title='bbox 385 2158 469 2206; x_wconf 80' lang='lat' dir='ltr'>pro</span> <span class='ocrx_word' id='word_1_212' title='bbox 494 2140 660 2185; x_wconf 74' lang='lat' dir='ltr'>diversa</span> <span class='ocrx_word' id='word_1_213' title='bbox 676 2136 922 2194; x_wconf 75' lang='lat' dir='ltr'>linguarum</span> <span class='ocrx_word' id='word_1_214' title='bbox 946 2135 1282 2197; x_wconf 74' lang='lat' dir='ltr'>auditorumque</span> <span class='ocrx_word' id='word_1_215' title='bbox 1303 2134 1602 2194; x_wconf 76' lang='lat' dir='ltr'>congruentia,</span> <span class='ocrx_word' id='word_1_216' title='bbox 1630 2150 1763 2197; x_wconf 79' lang='lat' dir='ltr'>quam</span> 
     </span>
     <span class='ocr_line' id='line_1_28' title="bbox 388 2203 1766 2267; baseline -0.007 -10"><span class='ocrx_word' id='word_1_217' title='bbox 388 2210 568 2257; x_wconf 78' lang='lat' dir='ltr'>diversis</span> <span class='ocrx_word' id='word_1_218' title='bbox 586 2207 699 2253; x_wconf 86' lang='lat' dir='ltr'>sonis</span> <span class='ocrx_word' id='word_1_219' title='bbox 715 2206 904 2262; x_wconf 74' lang='lat' dir='ltr'>dicatur,</span> <span class='ocrx_word' id='word_1_220' title='bbox 927 2205 959 2250; x_wconf 75' lang='lat' dir='ltr'>si</span> <span class='ocrx_word' id='word_1_221' title='bbox 981 2206 1097 2267; x_wconf 79' lang='lat' dir='ltr'>quod</span> <span class='ocrx_word' id='word_1_222' title='bbox 1111 2205 1272 2249; x_wconf 80' lang='lat' dir='ltr'>dieitur</span> <span class='ocrx_word' id='word_1_223' title='bbox 1286 2221 1433 2250; x_wconf 82' lang='lat' dir='ltr'>verum</span> <span class='ocrx_word' id='word_1_224' title='bbox 1456 2215 1541 2249; x_wconf 85' lang='lat' dir='ltr'>est:</span> <span class='ocrx_word' id='word_1_225' title='bbox 1559 2204 1662 2248; x_wconf 83' lang='lat' dir='ltr'>dum</span> <span class='ocrx_word' id='word_1_226' title='bbox 1680 2203 1766 2247; x_wconf 85' lang='lat' dir='ltr'>hoc</span> 
     </span>
     <span class='ocr_line' id='line_1_29' title="bbox 390 2275 1766 2339; baseline -0.007 -13"><span class='ocrx_word' id='word_1_227' title='bbox 390 2298 491 2326; x_wconf 75' lang='lat' dir='ltr'>sane</span> <span class='ocrx_word' id='word_1_228' title='bbox 511 2278 692 2329; x_wconf 79' lang='lat' dir='ltr'>intersit,</span> <span class='ocrx_word' id='word_1_229' title='bbox 711 2275 830 2339; x_wconf 76' lang='lat' dir='ltr'>quod</span> <span class='ocrx_word' id='word_1_230' title='bbox 850 2275 1012 2334; x_wconf 66' lang='lat' dir='ltr'>lingua-3</span> <span class='ocrx_word' id='word_1_231' title='bbox 1029 2292 1171 2329; x_wconf 65' lang='lat' dir='ltr'>mnos,</span> <span class='ocrx_word' id='word_1_232' title='bbox 1187 2276 1351 2337; x_wconf 79' lang='lat' dir='ltr'>quibus</span> <span class='ocrx_word' id='word_1_233' title='bbox 1372 2275 1485 2319; x_wconf 88' lang='lat' dir='ltr'>inter</span> <span class='ocrx_word' id='word_1_234' title='bbox 1502 2290 1628 2318; x_wconf 79' lang='lat' dir='ltr'>sesua</span> <span class='ocrx_word' id='word_1_235' title='bbox 1647 2289 1766 2317; x_wconf 80' lang='lat' dir='ltr'>sensa</span> 
     </span>
     <span class='ocr_line' id='line_1_30' title="bbox 391 2342 1767 2407; baseline -0.008 -11"><span class='ocrx_word' id='word_1_236' title='bbox 391 2348 778 2401; x_wconf 69' lang='lat' dir='ltr'>commmunieent‚</span> <span class='ocrx_word' id='word_1_237' title='bbox 811 2347 939 2390; x_wconf 80' lang='lat' dir='ltr'>etiam</span> <span class='ocrx_word' id='word_1_238' title='bbox 966 2346 1163 2390; x_wconf 85' lang='lat' dir='ltr'>homines</span> <span class='ocrx_word' id='word_1_239' title='bbox 1194 2355 1322 2407; x_wconf 78' lang='lat' dir='ltr'>paeto</span> <span class='ocrx_word' id='word_1_240' title='bbox 1342 2344 1531 2407; x_wconf 69' lang='lat' dir='ltr'>quodum</span> <span class='ocrx_word' id='word_1_241' title='bbox 1554 2342 1767 2388; x_wconf 79' lang='lat' dir='ltr'>societatis</span> 
     </span>
     <span class='ocr_line' id='line_1_31' title="bbox 394 2413 1767 2479; baseline -0.008 -12"><span class='ocrx_word' id='word_1_242' title='bbox 394 2422 474 2467; x_wconf 74' lang='lat' dir='ltr'>sibi</span> <span class='ocrx_word' id='word_1_243' title='bbox 495 2420 716 2465; x_wconf 83' lang='lat' dir='ltr'>instituere</span> <span class='ocrx_word' id='word_1_244' title='bbox 730 2427 912 2479; x_wconf 83' lang='lat' dir='ltr'>possunt</span> <span class='ocrx_word' id='word_1_245' title='bbox 927 2453 937 2471; x_wconf 52' lang='lat'><em>9</em></span> <span class='ocrx_word' id='word_1_246' title='bbox 960 2417 1122 2478; x_wconf 77' lang='lat' dir='ltr'>quibus</span> <span class='ocrx_word' id='word_1_247' title='bbox 1137 2426 1277 2460; x_wconf 80' lang='lat' dir='ltr'>antem</span> <span class='ocrx_word' id='word_1_248' title='bbox 1292 2415 1421 2460; x_wconf 70' lang='lat' dir='ltr'>sacris</span> <span class='ocrx_word' id='word_1_249' title='bbox 1432 2413 1648 2459; x_wconf 79' lang='lat' dir='ltr'>divinitati</span> <span class='ocrx_word' id='word_1_250' title='bbox 1665 2429 1767 2458; x_wconf 83' lang='lat' dir='ltr'>con-</span> 
     </span>
     <span class='ocr_line' id='line_1_32' title="bbox 394 2486 1767 2550; baseline -0.007 -14"><span class='ocrx_word' id='word_1_251' title='bbox 394 2500 619 2550; x_wconf 75' lang='lat' dir='ltr'>gruerent,</span> <span class='ocrx_word' id='word_1_252' title='bbox 654 2488 921 2533; x_wconf 70' lang='lat' dir='ltr'>voluntatem</span> <span class='ocrx_word' id='word_1_253' title='bbox 950 2487 1029 2531; x_wconf 81' lang='lat' dir='ltr'>Dei</span> <span class='ocrx_word' id='word_1_254' title='bbox 1068 2487 1199 2532; x_wconf 80' lang='lat' dir='ltr'>secuti</span> <span class='ocrx_word' id='word_1_255' title='bbox 1218 2495 1334 2540; x_wconf 80' lang='lat' dir='ltr'>sunt,</span> <span class='ocrx_word' id='word_1_256' title='bbox 1369 2486 1446 2547; x_wconf 88' lang='lat' dir='ltr'>qui</span> <span class='ocrx_word' id='word_1_257' title='bbox 1470 2495 1582 2528; x_wconf 85' lang='lat' dir='ltr'>reete</span> <span class='ocrx_word' id='word_1_258' title='bbox 1607 2499 1767 2545; x_wconf 77' lang='lat' dir='ltr'>sapue-</span> 
     </span>
     <span class='ocr_line' id='line_1_33' title="bbox 398 2552 1771 2620; baseline -0.007 -14"><span class='ocrx_word' id='word_1_259' title='bbox 398 2571 514 2606; x_wconf 83' lang='lat' dir='ltr'>runt.</span> <span class='ocrx_word' id='word_1_260' title='bbox 543 2560 656 2615; x_wconf 76' lang='lat' dir='ltr'>Quae</span> <span class='ocrx_word' id='word_1_261' title='bbox 681 2558 859 2602; x_wconf 83' lang='lat' dir='ltr'>omnino</span> <span class='ocrx_word' id='word_1_262' title='bbox 886 2573 1124 2620; x_wconf 80' lang='lat' dir='ltr'>numquam</span> <span class='ocrx_word' id='word_1_263' title='bbox 1146 2554 1284 2601; x_wconf 76' lang='lat' dir='ltr'>defuit</span> <span class='ocrx_word' id='word_1_264' title='bbox 1309 2555 1363 2600; x_wconf 83' lang='lat' dir='ltr'>ad</span> <span class='ocrx_word' id='word_1_265' title='bbox 1387 2554 1565 2600; x_wconf 77' lang='lat' dir='ltr'>salutem</span> <span class='ocrx_word' id='word_1_266' title='bbox 1587 2552 1771 2612; x_wconf 84' lang='lat' dir='ltr'>justitiae</span> 
     </span>
     <span class='ocr_line' id='line_1_34' title="bbox 394 2622 1769 2696; baseline -0.005 -22"><span class='ocrx_word' id='word_1_267' title='bbox 394 2629 630 2696; x_wconf 74' lang='lat' dir='ltr'>pietatique</span> <span class='ocrx_word' id='word_1_268' title='bbox 654 2627 919 2685; x_wconf 74' lang='lat' dir='ltr'>mortalium,</span> <span class='ocrx_word' id='word_1_269' title='bbox 943 2637 983 2672; x_wconf 87' lang='lat' dir='ltr'>et</span> <span class='ocrx_word' id='word_1_270' title='bbox 1004 2627 1034 2674; x_wconf 82' lang='lat' dir='ltr'>si</span> <span class='ocrx_word' id='word_1_271' title='bbox 1065 2644 1151 2690; x_wconf 78' lang='lat' dir='ltr'>qua</span> <span class='ocrx_word' id='word_1_272' title='bbox 1175 2627 1219 2672; x_wconf 86' lang='lat' dir='ltr'>in</span> <span class='ocrx_word' id='word_1_273' title='bbox 1241 2625 1334 2673; x_wconf 74' lang='lat' dir='ltr'>aliis</span> <span class='ocrx_word' id='word_1_274' title='bbox 1356 2635 1486 2688; x_wconf 84' lang='lat' dir='ltr'>atque</span> <span class='ocrx_word' id='word_1_275' title='bbox 1506 2625 1550 2669; x_wconf 88' lang='lat' dir='ltr'>in</span> <span class='ocrx_word' id='word_1_276' title='bbox 1575 2622 1667 2668; x_wconf 82' lang='lat' dir='ltr'>aliis</span> <span class='ocrx_word' id='word_1_277' title='bbox 1684 2639 1769 2686; x_wconf 83' lang='lat' dir='ltr'>po·-</span> 
     </span>
    </p>
   </div>
  </div>
 </body>
</html>
