1902 3268
370 274 460 328 324
794 290 827 315 s.
874 286 1115 315 Arcrsrmi
1152 286 1353 316 Episcopi

435 353 511 398 xl.
535 353 663 396 Istam
694 350 919 396 charitatis
942 351 1072 410 legem
1096 368 1140 396 ex
1164 369 1234 397 ore
1263 350 1427 396 (lhrsssti
1451 349 1625 395 Domini
1642 365 1750 413 pro-

369 421 605 481 mulgatam
628 458 637 475 ,
678 421 841 483 (ipsius
874 421 987 464 enim
1020 432 1119 465 sunt
1154 421 1247 467 istae
1271 420 1603 476 similitudines,
1634 430 1675 464 et
1696 418 1749 464 de

364 492 536 537 zizaniis
561 507 696 552 usque
723 489 774 533 ad
794 500 964 552 tempus
990 490 1133 534 messis
1157 491 1201 535 iu
1226 492 1393 536 unitate
1419 491 1507 550 agri
1525 508 1602 553 per
1622 506 1749 535 mun-

365 562 490 616 dum‚
518 572 557 605 et
582 560 633 605 de
660 559 781 606 malis
809 560 1004 622 piscibus
1031 575 1166 623 usque
1194 560 1247 604 ad
1274 560 1616 623 tempuslittoris
1634 560 1747 605 intra

364 631 512 676 eadem
536 630 641 675 retia
676 629 971 691 tolerandist)
1011 629 1125 674 lianc
1158 647 1259 689 ergo
1291 630 1518 675 charitatis
1554 629 1689 689 legem
1713 630 1747 675 si

365 705 547 761 majores
567 701 694 746 vestri
714 711 855 745 mente
880 701 1132 748 retinerent.
1161 700 1193 745 si
1217 717 1314 745 cum
1343 701 1418 746 Dei
1453 701 1605 746 timore
1627 700 1748 759 cogi-

364 783 504 818 tarent
527 794 536 829 3
570 789 657 818 non
683 782 866 835 propter
892 770 1178 817 Caecilianum
1202 809 1211 826 ,
1236 782 1277 817 et
1300 772 1443 817 nescio
1462 789 1571 836 quos
1598 770 1745 825 Afros,

368 843 456 888 sive
478 854 525 887 ut
544 843 727 906 putatis,
756 859 903 887 revera
926 843 1179 887 criminosos
1197 879 1207 891 ,
1235 843 1321 888 sire
1343 842 1459 905 quod
1485 841 1619 901 magis
1654 858 1750 886 cre—

369 912 560 958 dendum
592 923 651 957 est
669 949 680 967 ‚
709 911 936 958 calumniis
957 913 1173 976 appetitos
1193 950 1203 968 ‚
1229 930 1270 957 se
1292 913 1347 958 al)
1376 912 1564 958 Ecclesia
1585 948 1595 966 ,
1618 927 1750 974 quain

375 983 602 1046 descripsit
627 983 718 1045 ipse
743 983 991 1045 Cyprianus
1010 1020 1020 1037 ,
1050 1000 1127 1046 per
1153 1000 1300 1028 omnes
1324 994 1468 1043 gentes
1493 982 1635 1028 radios
1654 998 1752 1027 suos

363 1054 614 1118 porrigente
631 1090 640 1108 ‚
664 1063 705 1098 et
723 1069 866 1098 ramos
884 1070 981 1098 suos
1002 1070 1079 1115 per
1103 1070 1274 1098 omnem
1296 1065 1457 1099 terram
1478 1053 1603 1116 copia
1625 1053 1752 1097 uber-

366 1125 464 1170 tatis
479 1123 738 1169 extendente
760 1143 771 1176 ;
795 1139 881 1167 non
901 1159 911 1178 ‚
941 1123 1139 1186 inquam.
1166 1140 1207 1167 se
1233 1141 1253 1168 a
1282 1134 1344 1168 tot
1374 1123 1575 1182 gentibus
1602 1123 1751 1168 Chris-

365 1194 511 1245 tianis,
536 1210 635 1257 quae
656 1193 835 1238 omnino
860 1193 1107 1238 nescierunt
1127 1194 1201 1255 qui
1221 1230 1231 1242 ,
1259 1193 1324 1238 vel
1345 1193 1451 1256 quid
1472 1231 1483 1249 ,
1507 1193 1572 1240 vel
1591 1194 1753 1256 quibus

363 1264 662 1324 objiciebant,
685 1262 847 1309 nefaria
873 1264 1145 1327 separatione
1174 1263 1497 1317 discinderent3
1525 1264 1644 1327 quod
1666 1281 1753 1309 non

367 1337 435 1391 fit,
464 1335 545 1380 nisi
568 1345 644 1380 aut
663 1333 883 1380 simultate
903 1335 1077 1397 privata
1107 1334 1252 1397 potius
1271 1351 1405 1397 quam
1432 1335 1618 1380 utilitate
1637 1351 1755 1380 com-

369 1407 517 1462 muni,
557 1417 631 1452 aut
666 1406 741 1451 illo
766 1405 873 1450 vitio
900 1405 1019 1468 quod
1056 1416 1371 1468 consequenter
1396 1406 1643 1468 Cyprianus
1663 1406 1754 1469 ipse

368 1488 673 1533 connumerat,
695 1475 1012 1539 vitandumque
1037 1487 1364 1522 commemorat.
1393 1478 1501 1522 Nam
1526 1495 1624 1522 cum
1642 1493 1755 1540 prae-

370 1550 551 1613 cepisset
586 1559 768 1612 propter
796 1549 958 1592 zizania
982 1584 992 1602 ,
1032 1564 1132 1610 quae
1166 1548 1208 1591 in
1246 1546 1440 1592 Ecclesia
1481 1559 1751 1603 cernuntur,

368 1637 457 1664 non
481 1636 566 1664 esse
605 1618 841 1663 Ecclesiam
875 1617 1184 1673 deserendam,
1214 1616 1410 1679 sequitur
1444 1627 1484 1662 et
1513 1617 1714 1676 adjungit
1740 1635 1750 1662 ι

371 1713 389 1730 «
418 1689 554 1735 Nobis
593 1687 900 1734 tantummodo
940 1686 1235 1731 laborandum
1275 1697 1335 1731 est
1358 1724 1367 1741 ‚
1400 1697 1447 1732 ut
1487 1685 1754 1732 frumentum

371 1777 457 1806 esse
493 1760 738 1823 possimus.
777 1769 822 1803 ut
868 1774 965 1802 cum
1003 1757 1189 1820 coeperit.
1224 1756 1493 1802 frumentum
1526 1757 1756 1802 dominicis

374 1832 541 1877 horreis
568 1830 725 1876 condi.
769 1830 960 1874 fructum
1002 1846 1080 1891 pro
1112 1845 1241 1891 opere.
1264 1839 1303 1872 et
1327 1827 1480 1873 labore
1507 1839 1652 1873 nostro
1678 1845 1755 1873 ca-

375 1903 564 1965 piamus‘.
603 1899 832 1963 Apostolus
854 1900 895 1944 in
928 1898 1117 1961 Epistola
1140 1916 1211 1943 sua
1236 1898 1341 1944 dicit
1363 1935 1372 1949 ,
1405 1920 1421 1938 ι)
1450 1898 1499 1942 In
1522 1898 1654 1944 domo
1674 1914 1754 1944 au-

378 1994 397 2012 »
423 1983 506 2016 teni
536 1988 690 2030 magna
718 1987 803 2014 non
843 1969 981 2013 solum
1019 1980 1118 2013 sunt
1147 1985 1244 2012 vasa
1284 1984 1412 2013 aurea
1441 1978 1483 2013 et
1521 1978 1718 2027 argentea
1740 2004 1751 2022 ‚

378 2064 398 2084 »
423 2041 494 2086 ¹<ed
519 2053 559 2086 et
578 2040 715 2100 lignea
741 2050 783 2084 et
818 2038 967 2083 fictilia
985 2075 994 2086 .
1019 2048 1059 2083 et
1078 2037 1284 2101 quaedam
1309 2036 1484 2099 quidem
1504 2037 1719 2082 honorata
1740 2074 1751 2093 ‚

377 2134 396 2153 >>
420 2111 623 2176 (planiam
656 2107 943 2154 inhonorata*
972 2125 981 2152 t
1007 2129 1025 2146 n
1060 2125 1136 2152 nos
1165 2123 1343 2169 operam
1369 2106 1520 2151 demus
1544 2117 1586 2151 et
1610 2123 1756 2170 quan-

378 2194 468 2229 tum
495 2198 721 2246 possumus
745 2181 994 2226 laboremus
1014 2216 1024 2230 ,
1054 2189 1101 2223 ut
1129 2195 1200 2223 vas
1222 2194 1396 2222 aureum
1419 2177 1483 2222 vel
1508 2188 1754 2237 argenteum

377 2255 522 2300 simus.
557 2256 771 2297 Caeterum
798 2249 946 2295 fictilia
974 2266 1073 2294 vasa
1108 2247 1379 2306 confringere
1402 2248 1590 2292 Domino
1613 2247 1722 2293 soli2
1740 2284 1751 2302 ‚

378 2340 627 2370 concessum
648 2332 724 2377 est,
753 2320 822 2365 cui
852 2330 894 2365 et
913 2320 1030 2379 virga
1055 2319 1192 2364 ferrea
1216 2319 1316 2363 data
1338 2328 1412 2364 est.
1440 2319 1538 2363 Esse
1562 2336 1646 2363 non
1668 2334 1755 2380 po-

382 2405 452 2440 test
484 2397 618 2453 major
642 2391 822 2436 domino
849 2407 924 2434 suo
951 2406 1126 2441 servus3
1152 2405 1231 2434 nec
1250 2387 1481 2450 quisquam
1500 2388 1605 2443 sibi,
1634 2385 1754 2452 quod

378 2465 453 2510 soli
479 2465 585 2509 Filio
609 2464 738 2507 Pater
768 2461 951 2515 tribuit,
976 2458 1243 2514 vindicarit,
1273 2468 1320 2502 ut
1347 2474 1388 2502 sc
1410 2469 1558 2520 putet,
1599 2468 1674 2502 aut
1700 2455 1755 2502 ad

381 2554 519 2582 :aream
535 2531 827 2579 ventilandam
845 2541 887 2576 et
903 2529 1176 2594 purgandam
1193 2529 1227 2587 3,
1245 2527 1387 2591 palam
1405 2539 1446 2573 et
1461 2527 1752 2574 ventilabrum

425 2620 433 2641 ¹
457 2630 467 2650 ι
487 2618 568 2649 Tim.
585 2627 620 2653 ιι,
641 2626 693 2646 20.
711 2633 755 2636 —
775 2614 788 2634 ‘⁴⁷
807 2611 882 2646 Lov.
904 2613 1088 2645 sollicitum.
1105 2610 1177 2636 ——3
1192 2611 1300 2643 Mauh
1334 2622 1383 2649 nt,
1406 2623 1455 2642 12.
