1902 3268
642 278 853 309 zrrsrota
890 277 1007 307 xclx.
1423 263 1516 319 245

141 343 300 400 serint,
337 359 416 389 nec
448 341 645 406 Epistola
678 353 750 388 tua
784 342 1028 405 quidquam
1059 341 1184 387 nobis
1208 341 1260 387 de
1285 343 1413 388 tantis
1442 344 1515 389 tri-

140 412 440 459 bulationibus
466 412 614 459 vestris
634 412 916 458 insinuaverit
934 432 944 465 ;
965 428 1066 475 quae
1084 411 1234 475 utique
1248 429 1326 475 per
1344 413 1507 458 viscera

139 483 367 529 charitatis
397 494 438 529 et
471 494 631 529 nostra:
654 494 772 535 sunt;
803 484 883 529 nisi
908 484 1017 529 forte
1040 482 1290 529 faciendum
1318 500 1404 528 non
1426 500 1514 546 pu-

138 553 236 598 tasti
254 589 266 609 ,
301 552 420 616 quod
443 553 558 599 nihil
583 553 785 617 prodesse
810 553 996 610 duxisti,
1038 563 1112 599 aut
1143 570 1220 598 nos
1246 553 1331 598 tuis
1360 552 1515 598 litteris

137 624 408 670 moestificari
424 624 616 671 noluisti.
647 624 828 670 Prodest
847 624 1031 687 aliquid,
1062 635 1276 686 quantum
1301 640 1378 683 ego
1401 623 1514 669 arbi-

137 703 253 750 tror,
282 694 411 740 etiam
446 695 528 740 ista
564 711 835 754 cognoscere.
881 695 1030 740 Primo
1066 693 1167 755 quia
1202 694 1414 753 injustum
1449 704 1512 739 est

135 764 322 825 gaudere
348 765 456 812 velle
479 782 579 812 cum
607 765 897 826 gaudentibus
924 801 935 818 ,
961 775 1004 809 et
1022 763 1124 808 flere
1148 781 1234 809 non
1268 764 1377 811 velle
1411 780 1513 809 curn

134 834 354 882 flentibus.
388 835 555 881 Deinde
584 836 686 898 quia
714 834 939 880 tribulatio
975 833 1232 897 patientiam
1263 845 1473 897 operatur
1494 870 1505 890 ‚

132 905 345 968 patientia
372 905 676 969 probationem
695 941 706 960 ‚
729 904 934 967 probatio
959 921 1079 968 spem
1098 940 1109 960 ,
1135 921 1230 967 spes
1255 914 1398 949 autem
1422 920 1512 948 non

133 975 392 1032 confundit,
420 975 521 1038 quia
542 974 734 1020 charitas
757 974 839 1020 Dei
858 974 1014 1020 diffusa
1037 985 1100 1020 est
1120 974 1165 1019 in
1185 973 1392 1020 cordibus
1406 991 1511 1020 nos-

132 1045 209 1092 tris
231 1063 309 1110 per
325 1045 540 1109 Spiritum
563 1055 762 1092 sanctum
781 1082 792 1101 ,
811 1046 888 1109 qui
911 1045 1038 1091 datus
1060 1056 1122 1091 est
1144 1045 1285 1092 nobis,

198 1118 258 1165 II.
289 1117 577 1180 Absititaque
600 1127 648 1162 ut
669 1133 914 1162 recusemus
935 1116 1083 1162 audire
1103 1117 1233 1162 etiam
1250 1132 1350 1179 quae
1364 1132 1509 1161 amara

131 1197 174 1233 et
195 1187 333 1234 tristia
356 1199 456 1234 sunt
476 1205 575 1248 erga
599 1186 878 1233 charissimos
902 1195 1084 1233 nostros.
1113 1187 1268 1233 Nescio
1288 1202 1377 1250 quo
1393 1185 1509 1231 enim

131 1257 263 1304 modo
295 1257 437 1304 minus
461 1259 511 1304 fit
542 1256 661 1321 quod
687 1258 851 1320 patitur
879 1274 1018 1304 unum
1052 1258 1318 1313 membrum,
1338 1257 1371 1302 si
1390 1273 1508 1302 com-

128 1328 359 1391 patiuntur
383 1328 464 1373 alia
490 1328 701 1373 membra.
733 1328 822 1372 Nec
855 1328 949 1390 ipsa
985 1327 1086 1372 mali
1123 1327 1325 1372 relevatio
1357 1327 1407 1371 fit
1429 1342 1509 1389 per

128 1398 481 1445 communionem
501 1397 636 1443 cladis
660 1434 669 1452 ‚
700 1396 772 1442 sed
808 1414 888 1459 per
921 1397 1120 1443 solatium
1161 1395 1386 1442 charitatis
1409 1432 1419 1451 ,
1457 1406 1507 1440 ut

127 1468 327 1533 quamvis
347 1468 418 1514 alii
440 1467 615 1513 ferendo
650 1469 882 1530 patiuntur
902 1505 912 1523 ,
942 1468 1015 1513 alii
1046 1467 1350 1527 cognoscendo
1378 1483 1505 1512 com-

125 1539 379 1603 patiuntur,
403 1538 647 1584 communis
672 1538 726 1584 sit
751 1548 894 1583 tamen
921 1538 1149 1583 tribulatio
1173 1575 1182 1594 ‚
1207 1537 1368 1600 quibus
1398 1553 1504 1599 pro-

125 1610 247 1657 batio
263 1647 274 1667 ‚
298 1626 416 1673 spes3
441 1609 617 1655 dilectio
636 1646 646 1664 ‚
676 1608 942 1672 spiritusque
967 1608 1212 1653 communis
1232 1618 1308 1652 est.
1341 1607 1504 1651 Omnes

126 1691 271 1727 autem
296 1696 375 1726 nos
397 1680 613 1725 Dominus
639 1678 890 1724 consolatur
912 1716 922 1734 ,
963 1680 1038 1742 qui
1062 1689 1104 1723 et
1124 1678 1222 1725 haec
1247 1676 1505 1739 temporalia

124 1750 238 1797 mala
260 1750 488 1814 praedixit,
516 1760 558 1794 et
581 1759 680 1812 post
710 1749 809 1794 haec
834 1749 951 1794 bona
972 1759 1134 1794 aeterna
1158 1746 1358 1810 promisit
1385 1763 1395 1790 ε
1424 1761 1504 1791 nec

124 1821 255 1868 debet
278 1838 379 1867 cuin
398 1819 624 1883 praeliatur
641 1819 837 1878 infringi,
865 1818 942 1882 qui
966 1818 1062 1864 vult
1079 1828 1177 1881 post
1201 1816 1406 1880 praelium
1427 1832 1506 1861 co-

123 1891 271 1938 ronari
289 1929 299 1948 ‚
321 1891 431 1938 vires
448 1889 524 1935 illo
549 1890 905 1935 subministrante
925 1889 1213 1943 certantibus,
1238 1888 1314 1950 qui
1332 1903 1505 1949 praepa-

122 1972 189 2008 rat
207 1960 441 2007 ineffabilia
471 1960 585 2006 dona
605 1959 861 2005 victoribus.
1429 1959 1433 1963 ’

187 2033 272 2079 III.
311 2031 541 2094 Rescripta
574 2030 648 2076 illa
683 2040 829 2075 nostra
860 2045 949 2074 non
982 2028 1066 2073 tibi
1102 2027 1157 2072 ad
1194 2044 1268 2072 nos
1303 2025 1502 2072 auferant

119 2101 342 2149 scribendi.
377 2101 587 2147 fiduciam
610 2137 620 2155 ‚
657 2101 900 2163 praesertim
938 2098 1042 2161 quia
1078 2098 1277 2143 timorem
1305 2107 1503 2142 nostrum

117 2189 208 2219 non
239 2171 527 2236 improbabili
550 2169 796 2216 defensione
819 2170 976 2216 lenisti.
1011 2169 1219 2215 Parvulos
1255 2177 1354 2213 tuos
1384 2184 1504 2213 resa-

122 2241 331 2299 lutamus,
349 2252 391 2287 et
415 2241 460 2287 in
481 2240 659 2287 Christo
675 2241 757 2286 tibi
777 2240 1058 2300 grandescere
1082 2250 1304 2301 optamUS,
1328 2237 1405 2299 qui
1413 2240 1506 2296 jam

121 2312 169 2359 in
191 2313 279 2359 hac
304 2322 429 2358 aetate
455 2321 638 2357 cernunt
667 2327 801 2375 quam
824 2311 878 2356 sit
903 2326 1026 2355 amor
1049 2309 1184 2368 hujus
1211 2306 1360 2353 saeculi
1383 2306 1506 2370 peri-

126 2380 300 2428 culosus
332 2391 374 2427 et
409 2380 560 2427 noxius
573 2401 584 2438 3
627 2392 758 2444 atque
787 2380 953 2426 utinam
991 2395 1091 2424 cum
1128 2393 1283 2437 magna
1317 2387 1360 2421 et
1396 2374 1507 2422 dura

125 2451 402 2515 quatiuntur,
433 2468 570 2514 parva
592 2461 634 2496 et
654 2450 863 2496 flexibilia
885 2449 1174 2508 corrigantur.
1202 2448 1266 2492 De
1287 2446 1417 2492 domo
1435 2445 1510 2491 illa

129 2520 239 2584 quid
258 2520 402 2568 dicam
419 2557 430 2577 ‚
461 2520 545 2566 nisi
564 2520 885 2580 benignissimae
915 2531 1001 2565 tuae
1036 2535 1155 2565 curae
1174 2517 1333 2578 gratias
1354 2518 1508 2576 agam?

120 2593 236 2640 Nam
255 2608 348 2639 eam
370 2629 382 2650 ,
406 2608 539 2656 quam
558 2591 660 2639 dare
688 2607 916 2656 possumus
932 2629 943 2649 ,
971 2589 1127 2637 nolunt
1146 2608 1157 2645 ;
1186 2604 1320 2652 quam
1339 2587 1499 2636 volunt
