1902 3268
332 273 425 330 348
744 291 779 322 s,
822 289 1066 323 Aucnsrlm
1101 291 1305 324 EPIscoPI

333 354 388 400 ad
412 355 610 412 salutern,
636 356 854 402 Antiocho
874 368 1017 403 autem
1044 359 1150 418 regi,
1174 359 1250 423 qui
1270 358 1551 406 Machabaeos
1568 358 1711 424 poenis

335 425 589 472 crudelibus
624 426 890 482 interemit1,
926 428 1068 472 noluit
1097 429 1156 473 ita
1187 429 1430 485 consulere,
1462 429 1535 475 sed
1562 447 1710 476 eorum

334 495 648 555 gloriosissimis
668 497 944 559 passionibus
965 514 1039 543 cor
1060 497 1161 544 duri
1184 500 1291 559 regis
1315 501 1469 547 acriori
1490 502 1712 547 severitate

335 566 523 628 punivit.
555 567 668 626 Lege
688 577 851 622 tamen,
880 569 1009 613 etiam
1038 585 1148 613 unns
1173 569 1347 615 illorum
1368 608 1377 625 ,
1401 571 1476 633 qui
1489 582 1602 616 sexto
1618 571 1712 617 loco

332 637 606 698 patiebatur,
630 637 739 701 quid
759 637 891 685 dicat.
918 639 983 683 Ita
1004 639 1117 684 enim
1145 640 1357 703 seriptum
1374 652 1435 686 est
1460 659 1470 685 ε
1502 661 1520 681 c<
1542 643 1594 686 Et
1615 652 1715 704 post

334 727 354 747 »
377 707 496 753 hunc
516 718 676 754 sextum
708 708 1032 772 applicuerunt.
1068 710 1269 774 Cumque
1299 711 1374 756 hic
1400 711 1621 756 tormentis
1639 728 1714 755 ex-

335 779 595 824 »cruciatus
620 790 884 836 moreretur,
917 780 1052 834 dixit3
1097 781 1194 825 Noli
1229 793 1269 827 tc
1306 781 1509 827 seducere
1537 792 1716 844 propter

335 868 356 889 ³>
376 866 452 893 nos
472 866 482 904 3
506 850 602 895 haec
623 851 818 913 patimur
841 862 1073 914 peccantes
1091 852 1133 896 in
1153 853 1288 898 Deum
1312 863 1525 908 nostrum,
1548 863 1589 897 et
1603 852 1716 897 facta

337 938 357 959 ›>
379 929 478 963 sunt
502 919 601 965 haec
625 920 756 980 digna
776 922 916 968 nobis.
949 923 1018 966 Tu
1045 934 1186 967 autem
1210 923 1300 968 noli
1326 934 1364 967 te
1395 933 1548 986 putare
1572 923 1716 984 impu-

338 1010 358 1030 »
376 990 516 1035 nitum
546 989 745 1036 futurum
763 1028 774 1045 ‚
802 992 879 1055 qui
905 991 1108 1038 adversus
1134 994 1275 1038 Deum
1309 1005 1350 1039 et
1370 996 1528 1053 Legem
1550 996 1641 1052 ejus
1659 992 1716 1037 le-

337 1082 358 1104 ))
381 1061 508 1120 gibus
540 1063 623 1108 tuis
658 1080 857 1126 pugnare
889 1064 1079 1110 voluisti.
1108 1086 1127 1106 »
1155 1065 1287 1110 Vides
1319 1065 1448 1110 etiam
1479 1064 1548 1110 isti
1583 1080 1717 1126 quam

337 1131 565 1178 humiliter
581 1144 622 1178 et
657 1134 867 1180 veraciter
889 1135 1086 1197 sapiant,
1128 1136 1203 1198 qui
1238 1153 1318 1198 pro
1349 1135 1536 1198 pcccatis
1567 1135 1652 1178 suis
1676 1149 1718 1178 se

339 1201 545 1262 flagellari
581 1222 603 1248 a
630 1205 820 1250 Domino
859 1206 1139 1252 confitentur.
1183 1206 1245 1251 De
1268 1223 1356 1269 quo
1383 1205 1595 1267 scriptum
1620 1214 1681 1249 est
1703 1241 1714 1259 ‚

340 1292 359 1313 «
381 1274 523 1329 Quem
549 1274 663 1320 enim
700 1274 842 1335 diligit
867 1276 1084 1321 Dominus
1110 1276 1320 1339 corripit3
1365 1274 1553 1336 flagellat
1575 1285 1719 1320 autem

342 1361 549 1389 »omnem
588 1345 729 1392 filium
754 1363 886 1410 quem
914 1347 1071 1410 recipit
1088 1348 1121 1393 ⁶2.
1149 1368 1169 1387 ›>
1207 1347 1332 1392 Unde
1369 1357 1410 1392 et
1448 1344 1682 1409 Apostolus
1704 1381 1716 1399 ,

339 1435 358 1454 «
380 1414 424 1459 Si
449 1416 560 1461 enim
589 1417 872 1480 nosmetipsos
897 1417 1196 1476 judicaremus
1218 1456 1228 1471 ,
1259 1436 1280 1463 a
1300 1417 1489 1463 Domino
1512 1434 1600 1461 non
1628 1415 1720 1461 uti-

338 1506 356 1525 >1
376 1502 460 1548 que
498 1486 813 1545 judicaremur.
846 1493 959 1534 Cum
979 1488 1234 1548 judicamur
1273 1499 1433 1545 autem,
1473 1505 1495 1532 a
1530 1486 1719 1531 Domino

339 1577 357 1596 υ
380 1557 662 1619 corripimur,
686 1576 739 1603 ne
763 1576 864 1604 cum
890 1558 976 1604 hoc
996 1559 1162 1605 mundo
1182 1560 1442 1604 damnemur
1462 1558 1523 1605 3.»

408 1629 481 1675 Vl.
510 1630 615 1675 Haec
642 1630 828 1676 fideliter
850 1630 960 1691 lege,
989 1632 1175 1677 fideliter
1198 1631 1392 1695 praedica
1417 1668 1426 1686 ,
1449 1642 1488 1676 et
1507 1641 1720 1694 quantum

341 1710 465 1761 potes
487 1717 609 1757 eave,
636 1712 678 1746 et
698 1702 940 1748 cavendum
967 1702 1076 1748 doce
1096 1740 1106 1759 ‚
1134 1721 1186 1748 ne
1208 1702 1411 1748 adversus
1431 1702 1571 1747 Deum
1590 1700 1635 1747 in
1654 1701 1723 1746 his

340 1771 656 1818 tentationibus
673 1783 714 1818 et
741 1772 1101 1819 tribulationibus
1126 1783 1436 1820 murmuretur.
1451 1773 1595 1818 Bonos
1614 1771 1723 1817 dicis

345 1841 424 1886 Dei
448 1859 588 1889 servos
611 1853 653 1888 et
676 1842 822 1889 fideles
845 1854 887 1890 et
910 1855 1082 1889 sanctos
1102 1882 1112 1901 ‚
1146 1843 1289 1904 gladio
1312 1843 1606 1888 barbarorum
1639 1859 1722 1905 pe-

340 1923 547 1976 remptos,
572 1914 693 1971 Quid
713 1925 856 1960 autem
876 1916 1069 1973 interest,
1092 1927 1237 1961 utrum
1255 1932 1325 1960 eos
1343 1914 1475 1959 febris
1491 1932 1544 1959 an
1560 1914 1722 1959 ferrum

342 1983 395 2028 de
434 2000 619 2046 corpore
657 1984 868 2030 solverit?
910 1986 1009 2030 Non
1049 2003 1135 2049 qua
1169 1986 1394 2030 occasione
1425 1995 1575 2029 exeant
1595 2021 1604 2039 ‚
1649 1983 1722 2029 sed

341 2053 489 2118 quales
510 2054 565 2099 ad
589 2072 630 2100 se
655 2066 805 2100 exeant
830 2056 1042 2101 Dominus
1067 2056 1253 2101 attendit
1279 2056 1324 2101 in
1353 2056 1484 2101 servis
1508 2055 1593 2100 suis
1609 2092 1619 2111 ‚
1641 2054 1722 2100 nisi

340 2124 461 2188 quod
487 2128 694 2184 majorem
732 2126 867 2172 habet
901 2143 1080 2190 poenam
1111 2127 1295 2187 languor
1325 2126 1559 2172 diuturnus
1588 2143 1721 2189 quam

342 2197 574 2244 citissimus
596 2200 759 2244 exitus:
783 2210 823 2245 et
848 2211 991 2246 tamen
1014 2200 1144 2246 etiam
1172 2201 1318 2264 ipsum
1345 2200 1598 2260 languorem
1621 2198 1723 2244 diu-

342 2279 524 2315 turnum
557 2279 599 2315 et
627 2269 899 2316 horrendum
922 2270 1108 2334 legimus
1130 2308 1140 2327 ,
1170 2271 1341 2334 qualem
1377 2287 1525 2334 passus
1546 2279 1606 2340 est
1635 2269 1724 2314 Job

342 2339 432 2395 ille,
461 2344 586 2400 cujus
606 2351 720 2387 certe
736 2342 921 2401 Justitiae
941 2343 1057 2388 Deus
1081 2343 1197 2406 ipse,
1222 2344 1298 2406 qui
1321 2341 1413 2387 falli
1438 2359 1524 2387 non
1550 2343 1720 2404 potest,

343 2410 426 2456 tale
447 2411 655 2473 perhibet
679 2413 991 2460 testimonium.

407 2482 508 2527 Vll.
543 2483 810 2530 Gravissima
834 2502 933 2531 sane
956 2494 998 2530 et
1021 2484 1211 2531 multum
1236 2483 1423 2530 dolenda
1443 2494 1503 2528 est
1523 2482 1595 2528 illa
1620 2499 1723 2544 cap-

322 2553 486 2600 tivitas
517 2551 799 2600 foeminarum
838 2566 1055 2602 castarum
1082 2567 1212 2619 atque
1238 2564 1513 2610 sanctarum,
1541 2551 1611 2598 sed
1634 2569 1723 2597 non

389 2636 399 2659 ¹
425 2646 442 2667 2
462 2635 569 2670 Μυσὴ.
588 2648 644 2675 vn,
665 2648 695 2672 2.
715 2654 760 2663 ·-
776 2637 791 2661 2
810 2641 904 2673 Prov.
928 2651 964 2679 ιι,
983 2651 1035 2672 12.
1050 2658 1093 2664 —
1109 2638 1122 2662 ³
1138 2639 1237 2672 Hebr.
1256 2650 1312 2679 xxi,
1329 2639 1358 2677 5,
1374 2643 1405 2670 et
1424 2648 1435 2668 ι
1454 2637 1530 2670 Cor.
1549 2647 1592 2675 iu,
1616 2637 1673 2667 31.
