1902 3268
663 326 871 357 Eris'iom
909 327 1037 356 cxxx.
1448 313 1540 377 ,409

161 388 266 436 Haec
285 401 346 436 est
368 392 483 437 enim
505 408 603 438 vera
627 392 734 445 vita,
767 408 898 454 quam
926 392 1140 450 jubentur
1176 391 1301 437 bonis
1325 393 1534 455 operibus

158 460 485 522 apprehendere
515 462 669 509 divites
694 480 704 508 ε
732 473 774 507 et
811 462 872 507 ibi
909 472 975 507 est
1008 478 1159 508 verum
1195 461 1423 517 solatium,
1447 479 1536 526 quo

156 529 309 576 solatio
334 547 450 578 nunc
471 531 603 578 vidua
623 532 814 578 desolata
832 569 842 587 ,
873 532 999 577 etiam
1033 548 1134 594 quae
1155 531 1265 577 filios
1296 542 1338 577 et
1360 543 1537 595 nepotes

153 599 291 646 habet
308 637 318 656 ,
342 611 385 647 et
409 601 588 648 domum
615 620 735 648 suam
758 603 829 666 pie
853 612 1039 659 tractat,
1062 619 1187 661 agens
1205 619 1307 647 cum
1333 603 1536 649 omnibus

155 669 241 717 suis
270 681 318 717 ut
347 683 521 735 ponant
549 673 592 718 in
619 676 713 718 Deo
748 690 868 736 spem
896 689 1041 727 suam,
1066 671 1174 717 dicit
1201 682 1341 719 tamen
1365 673 1411 718 in
1434 690 1530 718 ora-

154 739 272 786 tione
297 759 307 787 ε
338 762 358 783 «
378 742 524 789 Sitivit
549 743 630 788 tibi
655 743 796 788 anima
824 759 942 799 mea,
967 758 1099 804 quam
1126 741 1429 804 multipliciter
1453 742 1535 788 tibi

153 830 174 851 >2
196 820 240 857 et
257 828 357 858 caro
373 829 468 859 mea
482 850 493 869 ‚
515 812 560 858 in
580 823 690 858 terra
710 812 875 858 deserta
893 822 935 856 et
958 811 1047 856 sine
1071 811 1139 856 via
1158 822 1199 856 et
1219 812 1308 857 sine
1328 810 1490 874 aqual,
1514 834 1534 854 »

151 881 270 944 quod
308 892 370 928 est
403 883 483 929 ista
518 883 784 929 moribunda
818 883 930 935 vita,
968 881 1240 945 quibuslibet
1278 882 1535 928 mortalibus

149 950 312 998 solatiis
330 953 642 1018 frequentetur,
666 951 939 1016 quibuslibet
959 952 1262 998 itinerantibus
1280 953 1529 1008 comitetur,

149 1022 424 1084 quantalibet
449 1040 592 1069 rerum
619 1023 746 1087 copia
782 1022 1031 1068 cumuletur
1059 1039 1070 1067 ι
1105 1022 1216 1068 nosti
1252 1023 1420 1086 quippe
1452 1023 1533 1069 ista

148 1094 296 1139 omnia
319 1111 450 1158 quam
469 1094 633 1141 incerta
658 1095 756 1141 sint.
785 1094 838 1138 Et
863 1093 907 1138 in
927 1093 1043 1138 illius
1062 1092 1289 1156 promissae
1313 1091 1529 1138 felicitatis

147 1165 473 1227 comparatione
495 1165 602 1230 quid
626 1176 787 1220 essent,
815 1164 980 1209 etiamsi
1000 1164 1163 1210 incerta
1188 1181 1275 1209 non
1294 1166 1462 1210 essent?

213 1234 288 1282 Vl.
327 1235 436 1281 Haec
462 1235 550 1282 dixi
582 1235 787 1300 quoniam
820 1251 1060 1281 sermonem
1081 1250 1222 1280 meum
1250 1234 1382 1280 vidua
1408 1234 1529 1280 dives

146 1313 189 1350 et
206 1305 368 1352 nobilis
388 1343 399 1361 ,
433 1317 475 1352 et
499 1317 632 1352 tantae
648 1305 826 1352 familiae
849 1316 1003 1361 mater,
1025 1304 1078 1350 de
1099 1305 1292 1351 oratione
1314 1305 1523 1369 quaesisti,

147 1384 195 1420 ut
217 1375 346 1422 etiam
374 1386 519 1423 tecum
545 1377 591 1422 in
612 1376 698 1439 bac
731 1378 820 1422 vita
838 1375 1196 1439 permanentibus
1217 1385 1258 1421 et
1277 1376 1440 1440 obsequ
1450 1393 1525 1421 en-

145 1444 264 1490 tibus
284 1446 391 1502 tuis,
424 1457 465 1492 te
487 1447 643 1492 sentias
674 1445 910 1492 desolatam
931 1483 942 1502 ‚
969 1445 1167 1491 nondum
1193 1446 1342 1509 utique
1369 1463 1525 1509 appre-

142 1513 277 1561 hensa
307 1516 379 1563 illa
398 1517 511 1573 vita,
545 1518 625 1565 ubi
650 1527 710 1563 est
734 1533 885 1563 verum
909 1527 1165 1579 certumque
1190 1516 1415 1573 solatium,
1445 1516 1524 1562 ubi

141 1583 401 1647 implebitur
418 1586 538 1650 quod
558 1587 602 1632 in
622 1586 855 1650 prophetia
867 1586 1035 1632 dictum
1054 1597 1114 1631 est
1137 1604 1147 1631 :
1172 1607 1190 1627 «
1209 1587 1361 1632 Satiati
1378 1603 1527 1633 sumus

143 1675 164 1696 ›>
189 1665 315 1702 mane
338 1656 634 1703 misericordia
657 1668 729 1703 tua
746 1695 756 1714 ‚
779 1669 822 1702 et
841 1657 1124 1702 exultavimus
1143 1657 1428 1716 etjucundati
1446 1674 1520 1703 su-

142 1746 163 1767 »
189 1743 284 1772 mus
309 1726 354 1772 in
379 1728 584 1773 omnibus
607 1726 763 1772 diebus
788 1728 959 1772 nostris.
991 1726 1236 1772 Jucundati
1264 1744 1412 1772 sumus
1440 1744 1521 1790 pro

142 1796 342 1844 »diebus
373 1798 535 1861 quibus
573 1816 650 1844 nos
685 1798 927 1844 humiliasti
969 1799 1090 1844 annis
1127 1799 1289 1862 quibus
1330 1798 1521 1845 vidimus

141 1887 162 1908 ›>
186 1867 341 1915 mala².
363 1889 382 1909 »

204 1938 305 1985 VII.
336 1940 580 2002 Antequam
614 1956 714 1999 ergo
749 1940 826 1986 ista
855 1939 1091 1984 consolatio
1127 1940 1298 1996 veniat,
1327 1951 1519 2003 quanta-

138 2024 327 2072 cumque
347 2009 653 2073 temporalium
672 2010 890 2055 bonorum
911 2009 1114 2055 felicitate
1139 2011 1441 2068 circumfluas,
1471 2022 1520 2058 ut

135 2079 335 2142 persistas
357 2080 402 2125 in
435 2080 707 2126 orationibus
731 2080 800 2125 die
826 2097 875 2125 ac
909 2091 1059 2131 nocte,
1089 2079 1326 2126 desolatam
1361 2092 1399 2126 te
1432 2098 1518 2127 esse

137 2149 396 2196 memineris.
427 2152 525 2196 Non
544 2151 659 2196 enim
680 2151 913 2213 Apostolus
933 2151 1246 2214 qualicumque
1264 2151 1410 2196 viduae
1429 2152 1517 2197 hoc

135 2235 296 2266 munus
316 2220 471 2266 tribuit
491 2238 501 2266 ι
523 2220 644 2267 «Sed
668 2238 768 2285 quae
793 2238 914 2276 vere,
947 2222 1114 2284 inquit⁷
1144 2221 1275 2266 vidua
1298 2232 1358 2266 est
1383 2232 1424 2267 et
1439 2222 1518 2267 dc-

136 2310 158 2332 »
177 2289 310 2336 solata
329 2328 340 2347 ‚
365 2292 555 2354 speravit
581 2292 627 2337 in
651 2292 840 2337 Domino
858 2329 867 2346 ,
901 2303 941 2336 et
967 2291 1154 2353 persistit
1176 2291 1220 2336 in
1248 2292 1518 2337 orationibus

135 2384 155 2404 »
176 2362 246 2409 die
260 2380 308 2409 ac
321 2375 447 2411 nocte
461 2364 494 2412 ¹⁹³.
518 2386 537 2406 >)
559 2364 691 2424 Quod
713 2382 811 2411 vero
829 2365 1023 2428 sequitur
1039 2363 1363 2424 vigilantissime
1380 2383 1511 2411 cave:

135 2456 154 2477 «
179 2436 290 2493 Quae
315 2447 460 2482 autem
487 2438 532 2483 in
555 2437 720 2484 deliciis
746 2438 858 2497 agit,
894 2438 1042 2484 vivens
1069 2447 1241 2483 mortua
1269 2448 1344 2484 est.
1372 2461 1391 2479 »
1415 2440 1517 2499 Agit

132 2506 246 2552 enim
274 2507 409 2553 homo
435 2508 481 2554 in
513 2508 564 2553 iis
592 2525 693 2572 quae
711 2508 880 2568 diligit,
908 2524 1009 2571 quae
1033 2524 1113 2570 pro
1134 2525 1290 2568 magno
1314 2510 1510 2572 appetit,

130 2576 293 2640 quibus
307 2577 481 2623 beatum
503 2595 545 2623 se
559 2595 645 2624 esse
662 2578 813 2625 credit.
843 2579 1124 2641 Quapropter
1146 2577 1265 2641 quod
1286 2579 1512 2644 Scriptura

184 2658 193 2679 ¹
216 2658 297 2693 Psal.
315 2669 385 2701 xm,
408 2662 436 2695 3.
456 2679 497 2685 —
513 2659 746 2699 ‘²1d.1rxxx1x,
770 2668 822 2700 ¹4·
839 2679 883 2685 ·-
897 2659 910 2683 3
928 2673 941 2692 1
966 2660 1052 2695 Tim.
1076 2672 1106 2703 v,
1128 2662 1158 2692 5.
