1902 3268
616 325 829 357 Ems'rom
866 324 1018 355 cxxxi.
1404 308 1498 371 489

134 403 196 438 tra
220 391 498 455 respondeat,
537 412 556 433 «
581 391 634 437 Se
668 391 829 436 habere
853 389 906 435 ad
934 390 1184 436 Dominum.
1218 411 1237 431 ›>
1267 389 1396 445 Quod
1424 391 1497 435 in-

130 473 252 508 tuens
276 472 388 507 recte
422 462 548 517 facis,
578 461 690 507 mala
724 461 856 521 hujus
887 459 1037 506 mundi
1072 459 1309 505 tolerabilia
1341 459 1498 505 ducere

125 549 200 595 spe
221 531 372 578 futuri.
403 532 475 577 Sic
497 533 610 577 enim
645 549 723 577 usu
748 530 958 594 quosdam
987 531 1104 576 bono
1126 530 1498 576 convertunturin

125 602 311 658 bonum,
336 601 441 647 dum
467 619 552 646 non
577 612 734 661 augent
758 611 950 646 nostram
978 602 1396 664 concupiscentiam,
1427 598 1500 644 sed

126 682 321 718 exercent
346 673 622 735 patientiam:
655 672 707 717 de
726 688 811 734 qua
835 687 878 716 re
905 670 1136 733 Apostolus
1156 671 1213 716 ait
1240 688 1250 714 ε
1291 692 1309 711 α
1334 670 1504 715 Scimus

127 763 148 784 ι)
174 743 379 805 quoniam
403 742 685 802 diligentibus
709 742 846 787 Deum
872 741 1018 786 omnia
1041 751 1332 803 cooperantur
1349 740 1392 784 in
1414 740 1500 784 bo-

127 833 147 854 »
171 829 276 857 num
302 812 336 859 1.
363 834 382 854 n
416 813 575 858 Omnia
594 849 603 867 ‚
628 812 822 873 inquit:
863 828 952 856 non
992 811 1133 855 solum
1177 827 1278 869 ergo
1303 810 1376 855 illa
1401 826 1501 872 quae

128 893 396 945 appetuntur
415 892 462 927 ut
481 883 644 938 suavia,
675 882 956 928 verumetiam
973 880 1045 926 illa
1059 897 1159 943 quae
1182 891 1229 925 ut
1246 880 1419 925 molesta
1432 880 1501 925 vi—

125 963 290 1008 tantur,
317 952 493 1016 quando
529 952 611 998 alia
634 952 694 998 sic
725 952 934 998 sumimus
963 969 1015 996 ne
1039 952 1284 1014 capiamur,
1320 951 1402 996 alia
1438 951 1500 996 sic

126 1022 306 1068 ferimus
329 1039 382 1067 ne
421 1022 691 1082 frangamur,
715 1033 757 1067 et
781 1021 1019 1067 secundum
1043 1032 1264 1084 praecepta
1288 1020 1436 1066 divina
1459 1021 1505 1065 in

81 1123 84 1125 -
127 1093 333 1138 omnibus
352 1093 509 1152 gratias
522 1093 688 1152 agimus
707 1094 763 1148 ei,
787 1091 840 1138 de
864 1108 951 1155 quo
975 1091 1187 1137 dicimus:
1209 1113 1229 1132 «
1244 1090 1504 1135 Benedicam

126 1183 148 1204 »
173 1162 411 1208 Dominum
430 1162 476 1207 in
505 1162 622 1207 omni
660 1172 872 1224 tempore,
917 1178 1085 1224 semper
1118 1160 1212 1205 laus
1238 1164 1329 1220 ejus
1367 1161 1412 1205 in
1433 1176 1505 1205 ore

127 1254 148 1274 »
171 1249 266 1277 meo
290 1232 336 1286 2;
356 1242 398 1277 et
420 1233 593 1277 Bonum
619 1243 685 1277 est
708 1231 817 1276 mihi
833 1230 950 1293 quod
971 1230 1211 1276 humiliasti
1233 1247 1318 1286 me,
1346 1241 1393 1275 ut
1412 1228 1505 1274 dis-

129 1323 150 1343 »
174 1302 607 1361 camjustificationes
631 1311 729 1347 tuas
753 1300 786 1346 3.
811 1301 961 1363 Neque
972 1300 1085 1345 enim
1104 1317 1268 1354 revera,
1291 1300 1321 1345 si
1337 1298 1503 1345 fallacis

125 1372 426 1435 prosperitatis
458 1389 625 1434 semper
659 1372 735 1417 hic
773 1370 1064 1434 tranquillitas
1100 1370 1331 1425 arrideret,
1362 1369 1505 1415 anima

125 1441 318 1487 humana
343 1452 520 1518 portum
545 1441 669 1486 illum
694 1456 806 1486 verae
831 1451 1045 1504 certaeque
1063 1439 1307 1485 securitatis
1324 1449 1505 1515 appete-

124 1520 206 1566 ret,
225 1510 431 1556 domina
419 1511 596 1570 lnsignis
627 1521 669 1555 et
692 1510 845 1555 merito
877 1509 1056 1555 illustris
1091 1520 1133 1554 et
1152 1508 1505 1572 praestantissima

124 1580 228 1626 filia.
262 1580 466 1626 Reddens
489 1581 634 1643 itaque
658 1580 856 1625 debitum
880 1580 1146 1643 plaestantiae
1169 1590 1253 1625 tuae
1273 1579 1503 1624 salutatio-

121 1651 188 1696 nis
213 1650 488 1713 obsequium,
517 1667 730 1713 agensque
764 1650 921 1709 gratias
937 1648 1057 1712 quod
1078 1648 1226 1694 salutis
1250 1660 1409 1693 nostrae
1439 1665 1502 1693 re-

123 1720 440 1780 ligiosissimam
466 1738 613 1767 curam
647 1721 756 1780 geris
773 1758 784 1777 ‚
812 1737 946 1783 posco
971 1721 1054 1766 tibi
1083 1738 1106 1765 a
1130 1721 1322 1765 Domino
1345 1718 1507 1764 futurae

124 1791 226 1837 vitae
243 1792 425 1854 praemia
438 1791 751 1854 praesentisque
774 1791 942 1845 solatia,
960 1790 1242 1853 omniumque
1255 1800 1443 1836 vestrum
1462 1788 1508 1834 in

123 1877 313 1924 quorum
335 1861 546 1908 cordibus
572 1879 651 1924 per
671 1861 802 1906 fidem
840 1861 1012 1907 habitat
1035 1861 1254 1914 Christus,
1273 1878 1339 1905 me
1364 1859 1503 1905 dilec-

126 1931 233 1977 tioni
250 1932 522 1995 orationique
536 1931 811 1978 commendo.
833 1953 851 1971 «
875 1933 929 1976 Et
947 1931 1027 1977 alia
1040 1947 1188 1977 manu.
1211 1953 1230 1972 >2
1254 1931 1366 1975 Deus
1379 1945 1505 1975 verus

124 2013 166 2047 et
191 2019 317 2049 verax
341 2004 551 2049 veraciter
574 2002 822 2048 consoletur
841 2019 917 2048 cor
943 2013 1086 2058 tuum,
1115 2012 1156 2047 et
1173 2011 1371 2065 protegat
1394 2000 1503 2045 salu-

126 2082 212 2117 tem
232 2083 368 2127 tuam,
386 2073 564 2119 domina
582 2072 761 2132 insignis
786 2084 828 2118 et
846 2073 999 2118 merito
1023 2073 1200 2118 illustris
1216 2089 1265 2117 ac
1290 2082 1504 2134 iiraestan-

126 2143 290 2188 tissima
309 2143 413 2190 filia.

172 2242 182 2264 ¹
202 2244 296 2275 Rom.
318 2252 392 2278 vm,
407 2243 463 2274 28.
484 2240 557 2265 —2
572 2244 652 2276 Psai.
674 2253 794 2284 xxxm,
811 2255 844 2276 2.
860 2260 906 2266 —-
921 2242 936 2266 3
957 2243 991 2273 Id
1025 2254 1136 2278 cxvnt,
1155 2245 1260 2274 Tum.
1285 2254 1298 2280 7
1313 2253 1337 2271 1.
