1902 3268
620 252 831 282 EPISTOLA
866 254 954 284 xci.
1417 248 1491 293 161

126 319 297 382 piorum
324 316 443 362 luxus
466 326 507 362 et
524 316 728 376 sacrilega
751 318 1001 380 superstitio
1019 320 1368 380 convinceretur,
1400 344 1501 389 pro-

123 389 232 435 ferre
266 386 443 433 forsitan
467 403 554 432 non
580 385 803 434 debemus,
845 389 957 448 Lege
989 388 1056 435 vel
1094 390 1233 437 recole
1266 393 1310 439 in
1344 395 1504 442 eisdem

123 457 246 504 libris
274 473 406 520 quam
447 456 685 520 prudenter
716 457 965 511 disseratur,
1002 460 1123 506 nullo
1148 462 1279 509 modo
1312 466 1503 527 potuisse

124 528 379 591 scriptiones
411 538 453 573 et
480 528 667 574 actiones
705 529 840 592 recipi
866 531 1211 585 comoediarum,
1250 535 1330 581 nisi
1366 553 1506 583 mores

123 599 429 662 recipientium
449 610 736 645 consonarent
763 618 772 644 :
797 601 855 646 ita
880 601 1217 649 clarissimorum
1239 606 1432 652 virorum
1459 608 1505 654 in

122 670 373 734 Republica
395 670 693 716 excellentium
711 708 721 726 ‚
746 682 787 716 et
811 671 864 717 de
896 673 1147 735 Republica
1179 674 1502 739 disputantium

124 741 380 789 auctoritate
412 741 629 796 firmatur,
663 742 945 805 nequissimos
970 742 1170 789 homines
1194 746 1287 791 fieri
1320 747 1503 794 deorum

123 812 366 858 imitatione
388 815 580 875 pejores,
605 829 693 857 non
715 829 815 858 sane
835 829 1038 859 verorum
1055 851 1065 869 ,
1094 814 1167 860 sed
1193 814 1401 864 falsorum
1435 830 1504 865 at-

123 898 210 946 que
229 882 453 928 fictorum.

189 953 241 1000 V.
268 955 324 999 At
345 952 459 998 enim
480 951 553 998 illa
574 953 718 998 omnia
733 991 743 1007 ,
767 971 866 1017 quae
891 955 1130 1019 antiquitus
1145 957 1198 1003 de
1217 959 1307 1006 vita
1326 961 1509 1009 deorum

123 1022 407 1086 moribusque
444 1023 693 1086 conscripta
723 1035 850 1080 sunt,
878 1025 1005 1087 longe
1045 1027 1170 1074 aliter
1205 1041 1305 1076 sunt
1341 1032 1505 1079 intelli-

125 1093 264 1156 genda
283 1103 411 1156 atque
435 1093 762 1157 interpretanda
793 1097 1078 1160 sapientibus.
1110 1100 1175 1145 Ita
1197 1118 1298 1147 vero
1319 1102 1365 1148 in
1392 1114 1506 1150 tem-

123 1164 209 1228 plis
242 1163 419 1228 populis
453 1166 723 1224 congregatis
762 1168 935 1214 recitari
973 1168 1277 1229 hujuscemodi
1308 1173 1503 1222 salubres

124 1235 502 1298 interpretationes
525 1235 621 1281 heri
641 1247 683 1282 et
708 1237 869 1284 nudius
888 1240 1035 1285 tertius
1055 1241 1317 1291 audivimus.
1343 1246 1506 1302 Quaeso

124 1316 166 1352 te
187 1306 348 1352 siccine
369 1322 536 1351 caecum
552 1307 868 1354 esthumanum
885 1326 1019 1369 genus
1034 1310 1238 1358 adversus
1261 1314 1505 1372 veritatem,

125 1388 174 1424 ut
196 1387 284 1423 tam
303 1386 453 1440 aperta
476 1387 516 1422 et
542 1377 767 1424 manifesta
791 1397 878 1425 non
900 1381 1083 1427 sentiat?
1111 1383 1196 1428 Tot
1222 1383 1329 1430 locis
1355 1386 1505 1448 pingi-

126 1458 220 1502 tur,
261 1446 487 1503 funditur‚
527 1447 742 1504 tunditur,
786 1450 1021 1518 sculpitur,
1062 1453 1283 1512 scribitur,
1327 1455 1501 1517 legitur,

125 1518 285 1579 agitur,
308 1528 528 1574 cantatur,
558 1518 739 1565 saltatur
763 1521 953 1583 Jupiter,
982 1521 1195 1569 adulteria
1226 1536 1343 1571 tanta
1376 1545 1502 1573 com-

125 1589 330 1635 mittens:
355 1599 571 1652 quantum
605 1600 696 1635 erat
728 1603 773 1635 ut
807 1591 853 1636 in
884 1608 961 1637 suo
994 1592 1140 1638 saltem
1172 1594 1392 1657 Capitolio
1424 1597 1505 1645 ista

124 1659 368 1724 prohibens
391 1659 631 1719 legeretur?
650 1661 757 1706 Haec
779 1661 888 1706 mala
913 1662 1159 1719 dedecoris,
1184 1664 1505 1732 impietatisque

125 1729 376 1794 plenissima
394 1765 405 1784 ‚
431 1729 465 1774 si
503 1729 674 1775 nemine
704 1730 969 1792 prohibente
998 1732 1044 1777 in
1069 1733 1246 1796 populis
1279 1735 1499 1794 ferveant,

126 1801 363 1848 adorentur
381 1799 426 1845 in
441 1799 636 1863 templiS,
661 1801 884 1847 rideantur
904 1802 948 1847 in
970 1803 1151 1849 theatris
1168 1842 1178 1861 ‚
1201 1822 1301 1853 cum
1323 1807 1391 1853 his
1407 1809 1504 1855 vic-

127 1873 253 1921 timas
285 1870 516 1917 immolant
551 1881 740 1917 vastetur
765 1889 898 1935 pecus
924 1875 1053 1919 etiam
1091 1892 1363 1939 pauperum,
1399 1897 1502 1927 cum

125 1946 225 1992 haec
247 1942 478 1989 histriones
505 1953 639 2001 agunt
663 1954 704 1988 et
735 1943 894 1990 saltant
923 1945 1203 1992 effundantur
1237 1950 1502 2011 patrimonia

126 2015 337 2070 divitum,
365 2013 561 2059 civitates
578 2013 730 2060 florere
750 2015 988 2062 dicuntur?
1010 2018 1177 2065 Horum
1197 2019 1325 2081 plane
1342 2022 1501 2069 florum

125 2104 214 2134 non
233 2096 349 2131 terra
370 2083 544 2140 fertilis,
566 2101 652 2129 non
675 2084 817 2148 aliqua
841 2085 1023 2149 opulens
1046 2088 1207 2146 virtus,
1233 2090 1304 2136 sed
1328 2091 1399 2138 illa
1422 2093 1502 2140 dea

128 2157 256 2203 Flora
279 2155 411 2214 digna
447 2164 582 2199 mater
611 2154 782 2200 inventa
821 2167 912 2212 est,
940 2162 1065 2217 qu‘us
1091 2157 1187 2204 ludi
1225 2162 1382 2208 scenici
1413 2174 1501 2210 tam

127 2227 324 2274 effusiore
345 2235 387 2271 et
406 2224 631 2270 licentiore
664 2226 936 2288 turpitudine
963 2228 1259 2285 celebrantur,
1289 2242 1336 2276 ut
1361 2233 1504 2296 quivis

127 2296 340 2356 intelligat
362 2293 490 2359 quale
510 2294 778 2341 daemonium
814 2297 894 2353 sit,
924 2298 1044 2361 quod
1079 2299 1245 2361 placari
1271 2301 1394 2348 aliter
1413 2321 1502 2350 non

127 2377 295 2433 potest,
325 2365 407 2412 nisi
428 2365 519 2412 illic
543 2383 629 2411 non
652 2384 772 2420 aves,
799 2385 888 2413 non
913 2368 1241 2433 quadrupedes,
1271 2390 1358 2419 non
1380 2374 1506 2422 deni—

127 2456 213 2504 que
238 2436 410 2498 sanguis
428 2436 669 2494 humanuS,
693 2438 765 2484 sed
792 2439 930 2485 multo
948 2441 1166 2487 scelestius
1185 2443 1330 2506 pudor
1352 2446 1507 2494 huma-

129 2526 210 2557 nus
230 2519 436 2573 tanquam
460 2507 708 2554 immolatus
733 2508 925 2555 intereat.

197 2579 272 2626 VI.
317 2578 426 2625 Haec
451 2577 534 2624 dixi
560 2590 740 2641 propter
779 2579 896 2642 quod
932 2581 1163 2644 scripsisti.
1192 2596 1405 2648 quantuni
1435 2590 1514 2636 'tibi

260 2665 406 2696 extu.
1336 2675 1342 2701 ι
1368 2676 1374 2702 ι
