1902 3268
712 290 920 321 itris'i’ota
958 292 1044 322 etv.
1483 285 1572 330 ⁴285

209 359 411 406 adversus
434 355 547 404 cives
574 366 666 402 tuos
691 357 853 417 (quoS,
885 372 992 418 pace
1016 367 1088 402 tna
1115 357 1292 405 dixerim
1311 398 1321 417 ,
1344 363 1481 409 multo
1504 381 1575 410 sa·-

206 428 376 475 lubrius
393 427 535 487 diligit
557 427 648 490 ipse
665 442 797 490 quam
826 431 899 485 tu)
918 443 1005 489 quo
1023 427 1270 490 plectantur
1287 434 1471 478 severius
1491 435 1576 479 im-

206 509 410 563 petrasse.
452 499 563 543 Nam
598 496 684 542 hoc
716 506 756 541 et
784 496 973 560 Epistola
999 507 1070 543 tua
1096 508 1136 543 te
1164 510 1355 547 metuere
1381 502 1576 561 indicat,

208 585 310 615 cum
328 568 534 614 admones
551 578 600 613 ut
624 567 733 613 mihi
753 577 849 613 ante
866 566 1015 613 oculos
1037 570 1298 617 constituam
1317 609 1327 628 ,
1349 572 1489 637 qualis
1507 573 1580 620 illa

208 640 263 685 sit
280 639 442 703 specics
459 639 645 685 civitatis
663 675 674 692 ‚
696 655 742 684 ex
760 655 846 702 qua
871 638 924 684 ad
951 639 1220 703 supplicium
1238 642 1426 689 ducendi
1448 655 1580 691 extra-

208 710 378 756 huntur
406 727 416 755 :
443 727 544 774 quae
570 710 623 755 sit
643 720 831 755 matrum
849 746 859 764 ‚
887 726 986 772 quae
1008 714 1268 770 conjugum,
1298 730 1398 776 quae
1418 715 1582 762 libero-

208 797 306 826 rum
323 817 334 836 ,
359 797 459 845 quae
477 791 707 844 parentum
729 780 981 825 lamentatio
1005 798 1015 824 ε
1037 797 1123 843 quo
1144 782 1310 844 pudore
1328 786 1380 829 ad
1399 786 1584 847 patriam

209 851 357 898 venire
387 851 555 915 possint
588 850 791 905 liberati,
820 850 890 895 sed
926 851 1051 905 torti,
1085 867 1195 914 quos
1218 865 1393 900 renovet
1417 855 1586 902 dolores

212 932 286 967 aut
308 922 491 981 gemitus
510 920 798 966 consideratio
816 920 1045 966 vulnerum
1066 932 1106 966 et
1130 923 1402 973 cicatricum.
1433 927 1583 983 Absit,

212 1002 262 1037 ut
285 991 364 1037 ista
383 992 589 1055 cuiquam
623 990 904 1037 inimicorum
931 1002 1174 1039 nostrorum
1197 995 1262 1040 vel
1289 1013 1367 1058 per
1390 1014 1491 1054 nos,
1520 999 1586 1044 vel

211 1079 291 1126 per
309 1079 596 1126 quemquam,
613 1061 733 1126 quod
748 1063 1014 1123 ingerantur,
1045 1064 1276 1132 instemus3
1299 1067 1370 1113 sed
1386 1105 1396 1123 ‚
1420 1079 1466 1114 ut
1483 1069 1588 1121 dixi,

212 1132 247 1178 si
277 1132 446 1196 aliquid
475 1133 557 1179 tale
575 1133 628 1178 ad
654 1144 693 1178 te
716 1133 831 1179 fama
857 1135 1036 1197 pertulit
1061 1172 1071 1190 ‚
1097 1137 1287 1198 apertius
1307 1137 1510 1188 edissere,
1545 1153 1589 1185 ut

214 1203 463 1249 noverimus
479 1241 490 1260 ,
529 1204 597 1250 vel
627 1203 736 1267 quid
761 1221 884 1264 agere
909 1222 962 1251 ne
989 1205 1069 1251 ista
1094 1205 1225 1263 fiant,
1256 1207 1320 1253 vel
1345 1208 1452 1271 quid
1498 1211 1591 1255 hanc

215 1271 495 1319 credentibus
516 1273 776 1337 respondere
797 1274 1047 1322 debeamus,

281 1345 342 1392 ll.
372 1345 557 1391 Litteras
581 1362 695 1390 meas
720 1346 866 1408 potius
889 1345 1078 1401 intuere,
1105 1346 1269 1409 quibus
1296 1358 1334 1393 te
1362 1350 1595 1396 rescribere

216 1415 383 1479 piguit,
406 1413 496 1462 illic
516 1416 631 1462 enim
650 1415 749 1462 satis
761 1416 944 1479 expressi
964 1417 1159 1462 animum
1179 1428 1403 1474 nostru1n3
1424 1421 1521 1475 sed,
1553 1433 1595 1466 ut

218 1485 391 1548 opinor,
413 1485 575 1532 oblitus
598 1485 706 1549 quid
732 1485 813 1530 tibi
831 1486 1013 1549 rescrip.
999 1487 1152 1542 erim,
1180 1488 1359 1534 omnino
1385 1491 1490 1536 milii
1512 1490 1592 1536 alii

217 1554 346 1617 longe
368 1558 536 1604 diversa
558 1567 600 1602 et
619 1556 841 1602 dissimilia
868 1557 1064 1603 retulisti.
1090 1558 1272 1621 Quippe
1290 1561 1413 1622 quasi
1447 1578 1594 1606 recor-

220 1625 377 1681 datus,
400 1627 554 1690 quod
544 1645 590 1672 ln
617 1626 790 1672 Litteris
815 1626 919 1672 meis
951 1628 1102 1690 posui3
1125 1627 1210 1673 hoc
1240 1629 1324 1674 tuis
1347 1630 1560 1677 inseruisti
1582 1670 1592 1681 .

220 1696 340 1760 quod
357 1697 535 1743 omnino
552 1714 639 1742 non
654 1696 796 1760 posui.
821 1697 1095 1743 Postremum
1119 1700 1231 1744 enim
1248 1699 1377 1745 fuisse
1397 1702 1441 1746 in
1460 1703 1597 1747 Litte-

221 1766 279 1812 ris
305 1768 408 1813 meis
423 1766 557 1822 dicis,
579 1784 669 1813 non
682 1777 818 1830 caput
841 1777 916 1812 aut
934 1768 1185 1827 sanguinem
1204 1769 1246 1813 in
1276 1770 1478 1816 Ecclesia?
1505 1789 1601 1835 pos-

223 1838 353 1884 tulari
376 1838 641 1892 vindictam,
681 1837 753 1884 sed
788 1838 941 1894 rebus,
977 1839 1140 1902 quibus
1178 1841 1361 1887 maxime
1402 1854 1597 1889 metuunt

224 1907 490 1972 spoliandos.
521 1907 686 1954 Deinde
704 1907 931 1954 ostendens
961 1919 1173 1971 quantum
1193 1910 1246 1955 sit
1270 1911 1356 1956 hoc
1386 1912 1488 1958 mali
1521 1914 1602 1959 ad-

220 1979 393 2039 jungis,
429 1990 559 2043 atque
597 1979 809 2032 contexis3
847 1979 928 2024 nisi
973 1990 1012 2025 te
1040 1980 1190 2043 opinio
1229 1980 1362 2036 fallit,
1403 1985 1605 2030 arbitrari

225 2049 398 2109 gravius
415 2066 502 2095 esse
525 2048 700 2112 spoliari
721 2048 1026 2104 facultatibus,
1045 2067 1178 2113 quam
1202 2051 1360 2099 occidi.
1393 2054 1535 2117 Atque
1557 2067 1606 2101 ut

227 2120 419 2183 apertius
436 2137 624 2183 exponas
639 2157 650 2176 ‚
679 2119 734 2166 de
751 2120 912 2183 quibus
940 2120 1225 2166 facultatibus
1248 2121 1403 2169 dixeris
1418 2161 1427 2178 ,
1465 2126 1606 2188 pergis

231 2199 359 2252 atque
390 2189 540 2243 addis,
574 2207 642 2235 me
671 2190 992 2254 frequentatum
1020 2191 1064 2235 in
1102 2191 1274 2237 Litteris
1309 2210 1452 2249 nosse,
1486 2196 1605 2258 quod

229 2275 345 2304 mors
372 2258 586 2304 malorum
610 2260 805 2305 omniun]
838 2259 1004 2306 auferat
1032 2277 1201 2305 sensum
1222 2298 1233 2316 ,
1257 2273 1442 2321 egestosa
1467 2277 1607 2312 autem

229 2327 319 2373 vita
357 2338 560 2373 aeternam
606 2329 748 2392 pariat
783 2329 1090 2376 calamitatem.
1132 2331 1300 2376 Deinde
1335 2334 1609 2393 conclusisti,

231 2397 403 2457 gravius
425 2414 512 2443 esse
532 2397 574 2443 in
591 2398 713 2443 malis
732 2400 900 2454 vivere,
928 2418 970 2463 q
963 2417 998 2444 n·
993 2417 1058 2445 tm
1085 2400 1196 2446 mala
1214 2414 1350 2448 morte
1371 2404 1507 2453 finire.

298 2467 472 2512 111.Et
496 2483 573 2526 ego
595 2468 773 2530 quidem
800 2486 879 2515 nec
908 2470 951 2514 in
971 2471 1150 2522 nostris,
1189 2471 1243 2517 ad
1267 2490 1374 2536 quas
1397 2492 1463 2521 me
1483 2480 1613 2525 serius

231 2535 371 2582 fateor
389 2536 580 2582 animum
603 2537 893 2601 ‘IPPIICUISS139
917 2557 1048 2604 quam
1068 2540 1250 2594 VCllsslss,
1281 2560 1359 2589 DCC
1378 2562 1422 2590 lll
1445 2551 1608 2606 Vestris,

234 2623 345 2670 quas
377 2606 434 2653 ab
461 2607 636 2654 ineunte
658 2618 785 2654 oetate
810 2607 974 2656 didici.
1001 2609 1152 2657 litteris
1175 2612 1343 2674 uspiam
1374 2613 1520 2674 legisse
1542 2636 1607 2663 re-
