1902 3268
374 262 460 313 186
774 284 806 314 s.
853 282 1094 314 assensum
1131 282 1332 314 sptscort

367 358 428 394 est
443 384 455 403 ‚
472 349 569 395 «Da
594 347 778 412 sapienti
797 348 1067 394 occasionem
1083 384 1093 403 ‚
1117 359 1161 393 et
1184 348 1420 411 sapientior
1439 347 1750 405 erit1.»Quam

370 416 498 464 multi
527 419 642 464 enim
661 455 672 474 ‚
702 417 824 481 quod
854 428 971 463 certo
1002 419 1162 464 scimus
1183 455 1194 474 ‚
1221 423 1311 478 jam
1336 419 1542 465 volebant
1563 434 1651 465 esse
1672 434 1751 464 ca-

364 489 538 545 tholici,
566 488 913 536 manifestissima
938 489 1118 534 veritate
1147 490 1354 536 commoti
1375 527 1386 545 ‚
1409 501 1452 536 et
1469 490 1751 537 offensionem

365 574 543 604 suorum
562 557 798 604 reverendo
816 557 1014 621 quotidie
1037 559 1295 606 rel'embant.
1319 562 1464 616 Quam
1487 560 1646 606 multos
1663 575 1751 605 non

367 627 525 673 veritas
547 663 558 685 ‚
600 628 646 674 in
669 645 757 692 qua
780 645 1008 692 nunquam
1034 630 1371 693 praesumpsistis
1391 666 1402 686 ‚
1427 630 1502 676 sed
1524 630 1754 676 obduratae

369 698 696 745 consuetudinis
721 715 850 759 grave
867 699 1095 745 vinculum
1120 698 1358 759 colligabat
1376 736 1387 755 ‚
1412 711 1461 746 ut
1483 701 1529 746 iu
1553 700 1611 746 eis
1636 714 1754 749 com-

370 769 563 833 pleretur
587 770 737 817 divina
757 770 833 817 illa
849 770 1090 816 sententia:
1118 790 1139 812 «
1163 769 1316 816 Verbis
1340 786 1427 816 non
1451 769 1756 816 emendabitur

371 856 559 887 »servus
580 840 747 888 durus:
771 842 807 887 si
841 841 956 887 enim
981 852 1024 887 et
1048 841 1306 888 intellexerit
1323 876 1334 897 ‚
1372 857 1460 887 non
1496 840 1714 887 obediet2.
1734 853 1756 881 ι’)

372 911 519 968 Quam
555 912 684 958 multi
716 922 950 976 propterea
975 913 1197 976 putabant
1234 928 1380 958 veram
1412 911 1638 958 ecclesiam
1669 926 1758 956 esse

373 992 543 1045 partem
575 983 766 1039 Donati,
794 982 900 1047 quia
931 999 1004 1029 eos
1040 983 1097 1030 ad
1119 982 1467 1045 cognoscendam
1494 980 1759 1028 catholicam

374 1053 596 1099 veritatem
622 1054 831 1100 securitas
865 1054 1089 1117 torpidos,
1123 1054 1367 1101 fastidiosos
1384 1090 1396 1110 ‚
1424 1053 1659 1117 pigrosque
1688 1051 1759 1099 fa-

377 1122 534 1169 ciebat.
560 1123 705 1180 Quam
725 1124 876 1170 multis
894 1124 1062 1171 aditum
1081 1124 1273 1170 intrandi
1291 1123 1760 1170 obserabantrumorffi

376 1192 718 1251 maledicorum,
755 1195 834 1258 qui
857 1195 1001 1241 nescio
1032 1194 1143 1259 quid
1178 1193 1299 1241 aliud
1333 1210 1413 1240 nos
1445 1193 1491 1240 in
1516 1193 1652 1239 altare
1681 1191 1761 1238 Dei

377 1279 538 1327 ponere
560 1265 839 1325 jactitabant.
862 1265 1008 1322 Quam
1031 1266 1160 1312 multi
1185 1265 1299 1312 nihil
1317 1265 1517 1311 iuteresse
1537 1262 1762 1310 credentes

382 1334 428 1379 iu
460 1351 548 1398 qua
567 1335 752 1399 quisque
789 1345 913 1399 parte
952 1336 1229 1382 Christianus
1267 1336 1321 1381 sit
1341 1371 1352 1391 ‚
1391 1334 1489 1381 ideo
1528 1347 1761 1397 permane-

379 1403 492 1450 bant
516 1405 561 1451 in
582 1417 705 1469 parte
736 1406 897 1452 Donati
915 1443 926 1462 ‚
956 1406 1060 1470 quia
1088 1406 1152 1452 ibi
1181 1406 1273 1452 nati
1294 1415 1448 1461 erant,
1486 1414 1529 1450 et
1557 1420 1630 1450 eos
1660 1401 1762 1449 iude

377 1473 599 1522 discedere
617 1512 629 1531 9
656 1486 787 1539 atque
807 1476 864 1522 ad
881 1475 1143 1523 catholicam
1170 1492 1296 1522 nemo
1315 1476 1495 1522 transire
1521 1473 1731 1534 cogebas

441 1546 606 1593 XVIII.
641 1547 718 1593 His
732 1547 936 1593 omnibus
952 1547 1114 1593 harum
1134 1547 1279 1607 legum
1300 1557 1453 1602 terror,
1469 1545 1634 1610 quibus
1658 1559 1762 1607 pro-

371 1615 621 1676 mulgandis
639 1633 757 1677 reges
771 1617 967 1664 serviunt
992 1619 1184 1664 Domino
1203 1618 1247 1664 in
1271 1618 1454 1670 timore,
1481 1617 1542 1662 ita
1566 1613 1759 1678 profuit,

376 1698 427 1733 ut
448 1704 566 1734 nunc
593 1688 666 1734 alii
683 1688 862 1734 dicant:
885 1692 983 1735 Jam
1013 1689 1100 1734 hoc
1125 1688 1411 1742 volebamus3
1435 1686 1508 1733 sed
1540 1688 1632 1732 Deo
1654 1700 1760 1745 gras-

377 1761 482 1816 tias,
503 1761 583 1824 qui
605 1761 732 1806 nobis
754 1762 1028 1807 occasionem
1048 1762 1242 1824 praebuit
1255 1765 1527 1824 jamjamque
1544 1757 1733 1809 faciendi
1749 1793 1761 1813 ‚

376 1842 420 1876 et
447 1831 709 1877 dilationum
734 1833 926 1878 morulas
950 1833 1210 1896 amputavit.
1242 1832 1324 1878 Alii
1350 1832 1530 1877 dicant:
1555 1830 1652 1875 Hoc
1677 1845 1765 1874 esse

379 1918 528 1948 verum
547 1906 640 1962 jam
663 1903 934 1956 sciebamus3
954 1903 1027 1949 sed
1044 1904 1188 1949 nescio
1201 1919 1289 1967 qna
1312 1900 1626 1948 consuetudine
1650 1908 1766 1945 tene-

379 1972 540 2018 bamur
559 1989 570 2017 t
598 1973 754 2031 gratias
774 1973 964 2018 Domino
980 2010 991 2027 ‚
1009 1973 1087 2036 qui
1111 1972 1287 2019 vincula
1307 1982 1453 2017 nostra
1478 1969 1698 2033 disrupit,
1721 1977 1765 2014 et

380 2058 459 2088 nos
477 2042 530 2088 ad
552 2043 672 2106 pacis
689 2042 917 2088 vinculum
946 2043 1186 2090 transtulit.
1212 2043 1296 2089 Alii
1316 2042 1468 2088 dicant
1487 2059 1498 2087 :
1528 2039 1766 2087 Nescieba-

381 2129 478 2159 mus
494 2133 507 2167 ς
529 2113 604 2158 hic
621 2129 710 2159 esse
727 2114 949 2160 veritatem
969 2151 981 2171 ‚
1003 2132 1082 2160 nec
1100 2131 1194 2160 eam
1209 2113 1374 2160 discere
1392 2113 1671 2164 volebamus3
1690 2108 1766 2156 sed

379 2200 460 2230 nos
479 2184 534 2230 ad
561 2201 654 2230 eam
678 2184 1023 2243 cognoscendam
1062 2195 1200 2231 metus
1226 2184 1327 2230 fecit
1354 2185 1568 2238 intentOS,
1593 2197 1683 2245 quo
1706 2179 1768 2226 ti-

380 2255 571 2301 muimus
591 2272 642 2301 ne
656 2255 770 2301 forte
787 2255 877 2301 sine
896 2255 995 2302 ullis
1012 2272 1156 2302 rerum
1172 2266 1436 2301 aeternarum
1455 2253 1588 2299 lucris
1604 2251 1767 2298 damno

378 2342 528 2372 rerum
548 2325 860 2390 temporalium
878 2324 1108 2373 {eriremur
1130 2344 1141 2372 t
1164 2326 1324 2386 gratias
1345 2324 1532 2370 Domino
1551 2359 1563 2377 ,
1589 2321 1670 2386 qui
1686 2336 1768 2367 ne·-

382 2396 633 2457 gligentiam
663 2407 856 2443 nostram
889 2398 1067 2444 stimulo
1091 2397 1266 2444 terroris
1291 2395 1503 2450 excussit,
1534 2404 1584 2440 ut
1614 2392 1768 2440 saltem

381 2468 559 2514 solliciti
576 2485 899 2533 quaereremus,
927 2470 1050 2534 quod
1072 2469 1213 2516 securi
1233 2482 1462 2531 nunquam
1486 2481 1609 2512 nosse
1630 2479 1766 2513 cura-

381 2539 540 2587 vimus
571 2539 656 2586 Alii
680 2540 831 2587 dicant
857 2560 865 2586 ε
892 2542 982 2589 Nos
1002 2541 1119 2588 falsis
1137 2539 1388 2587 rumoribus
1410 2536 1681 2583 terrebamur
1691 2533 1767 2580 in-

432 2623 548 2655 ⁸P1-0v.
573 2633 617 2659 xx,
639 2635 669 2664 9.
689 2641 728 2648 --
746 2621 760 2645 ²
780 2623 823 2655 1-1.
842 2635 931 2662 xxxx,
956 2637 1008 2665 πᾳ.
