1902 3268
364 294 422 339 :32
774 308 806 336 s.
853 306 1094 336 arcessiat
1131 305 1332 336 nriscorr

362 374 471 421 illud
497 372 779 419 ministerium
798 372 1129 435 dispensationis
1157 371 1458 434 mysteriorum
1484 372 1578 428 Dei,
1603 372 1742 418 victus

363 446 508 510 aliqua
533 443 731 490 saeculari
754 442 993 505 cupiditate
1019 443 1206 489 deseruit
1228 480 1237 498 ,
1265 442 1337 488 sed
1360 442 1544 506 pacifica
1569 460 1744 506 permo-

365 528 431 562 tus
455 516 612 579 pietate
640 512 866 575 deposuit,
908 530 960 558 ne
984 524 1165 576 propter
1199 516 1290 572 ejus
1324 513 1535 558 honorem
1560 512 1678 559 foeda
1704 523 1746 558 et

364 585 603 650 periculosa
623 620 632 639 ,
676 592 751 627 aut
788 581 963 628 fortasse
1001 583 1129 628 etiam
1170 583 1410 644 perniciosa
1452 583 1497 628 in
1538 583 1747 628 membris

364 655 529 701 christi
553 653 756 699 dissensio
779 664 1039 700 nasceretur.
1076 653 1197 710 Quid
1229 654 1344 698 enim
1381 665 1486 700 esset
1517 653 1679 700 caecius
1706 664 1748 701 et

364 727 484 775 omni
505 724 769 772 execratione
793 724 983 785 dignius,
1012 742 1143 789 quam
1163 735 1347 789 propter
1369 725 1573 772 Ecclesiae
1595 725 1747 771 catho-

364 797 462 843 licae
487 814 639 860 pacem
667 795 855 841 schisma
883 795 1073 842 deserere
1092 834 1102 852 ,
1131 806 1173 841 et
1196 796 1335 859 ipsam
1371 813 1525 859 pacem
1553 796 1748 842 catholi-

366 886 461 915 cam
486 866 666 914 honoris
687 866 751 912 sui
777 867 1016 929 quaestione
1033 867 1246 913 turbare?
1273 866 1394 923 Quid
1420 866 1533 912 enim
1551 865 1749 912 laudabi-

366 940 466 996 lius,
481 949 524 984 et
539 936 802 983 Christianae
820 937 1023 984 charitati
1039 936 1376 993 commodatius,
1394 954 1528 1001 quam
1547 936 1751 983 derelicta

368 1009 695 1056 Donatistarum
735 1024 891 1054 vesana
924 1008 1131 1072 superbia
1149 1045 1159 1065 ,
1199 1008 1257 1053 ita
1294 1007 1545 1054 haereditati
1586 1007 1752 1053 Christi

367 1081 610 1137 cohaererc,
638 1090 687 1125 ut
703 1079 993 1126 testimonium
1018 1079 1297 1135 humilitatis,
1321 1096 1465 1125 amore
1484 1078 1751 1143 probaretur

370 1152 573 1198 unitatis?
603 1152 756 1214 ltaque
792 1161 1007 1213 quantum
1032 1150 1086 1195 ad
1121 1149 1266 1213 ipsum
1298 1150 1478 1205 attinet,
1517 1149 1630 1195 sicut
1651 1166 1751 1194 eum

367 1221 605 1284 gaudemus
625 1220 752 1267 talem
777 1220 1002 1266 inventum
1027 1230 1075 1266 ut
1098 1219 1218 1283 quod
1241 1219 1286 1265 in
1312 1222 1403 1278 ejus
1424 1218 1554 1264 corde
1578 1218 1752 1265 divinus

368 1311 507 1340 sermo
532 1292 792 1348 aedificavit,
819 1309 1096 1356 nequaquam
1124 1300 1355 1354 tempestas
1384 1290 1518 1350 hujus
1545 1289 1753 1335 tentatio-

371 1365 435 1411 nis
455 1374 662 1410 everteret
682 1380 692 1408 ε
725 1363 785 1408 sic
807 1374 1010 1427 optamus
1033 1373 1075 1408 et
1099 1361 1389 1425 deprecamur
1412 1379 1434 1405 a
1462 1361 1675 1416 Domino,
1704 1369 1753 1406 ut

368 1434 653 1499 consequenti
674 1434 763 1480 vita
785 1444 826 1479 et
851 1433 1047 1479 moribus
1077 1433 1163 1478 suis
1188 1432 1324 1492 magis
1357 1431 1581 1494 magisque
1605 1429 1753 1476 decla-

370 1516 450 1561 ret,
474 1522 605 1570 quam
630 1505 740 1551 bene
767 1514 964 1564 gesturus
989 1503 1161 1560 fuisset,
1187 1502 1307 1566 quod
1330 1501 1528 1566 profecto
1548 1511 1714 1561 gereret
1738 1538 1749 1557 ,

371 1578 401 1623 si
429 1577 514 1622 hoc
538 1575 812 1639 oportuisset.
840 1574 1128 1621 'Retribuatur
1151 1573 1186 1619 ei
1210 1592 1291 1637 pax
1318 1583 1478 1619 aeterna
1494 1609 1504 1629 ,
1526 1588 1626 1635 quae
1645 1588 1753 1635 pro-

372 1647 497 1693 missa
521 1657 582 1692 est
615 1645 840 1702 Ecclesiae,
862 1645 939 1710 qui
963 1643 1176 1690 intellexit
1204 1643 1287 1689 sibi
1312 1661 1399 1689 non
1413 1641 1610 1707 expedire
1635 1640 1752 1705 quod

368 1718 468 1783 paci
498 1734 584 1763 non
608 1716 864 1780 expediebat
888 1716 1103 1762 Ecclesiae.

436 1790 495 1837 ll.
527 1789 596 1834 Tu
630 1805 756 1843 vero,
786 1788 849 1833 fili
879 1787 1154 1843 charissime,
1188 1803 1275 1832 non
1306 1784 1522 1831 mediocre
1547 1783 1754 1844 gaudium

368 1871 562 1906 nostrum
583 1897 592 1913 ‚
616 1862 692 1923 qui
724 1859 843 1905 nulla
866 1859 939 1904 tali
966 1857 1214 1904 necessitate
1237 1876 1259 1903 a
1287 1855 1562 1919 suscipiendo
1579 1856 1754 1919 episco-

371 1941 478 1994 patu
499 1929 727 1993 impediris
745 1966 755 1984 ,
778 1929 901 1974 decet
920 1928 1109 1974 indolem
1133 1939 1252 1973 tuam
1272 1927 1449 1973 Christo
1470 1925 1512 1971 in
1546 1936 1586 1971 te
1610 1925 1755 1971 dicare

371 2000 489 2064 quod
510 1999 644 2045 dedit.
666 1998 894 2058 Ingenium
912 1999 1079 2063 qnippe
1102 2009 1243 2055 tuum,
1268 1996 1521 2061 prudentia,
1545 1996 1756 2060 eloquen-

372 2072 428 2117 tia
445 2109 455 2128 ,
483 2070 695 2131 gravitas,
726 2068 935 2115 sobrietas
953 2106 962 2123 ,
994 2079 1035 2114 et
1061 2079 1216 2115 caetera
1236 2069 1399 2132 quibus
1419 2077 1632 2113 ornantur
1657 2084 1754 2112 mo-

373 2159 437 2189 res
463 2142 549 2196 tui,
577 2140 689 2186 dona
715 2150 816 2185 sunt
841 2140 934 2187 Dei.
971 2139 1054 2185 Cui
1078 2139 1230 2185 melius
1265 2138 1478 2192 serviunt,
1508 2154 1641 2201 quam
1671 2137 1708 2182 ei
1733 2155 1756 2182 a

373 2229 460 2277 quo
479 2212 644 2257 tributa
662 2221 762 2256 sunt
776 2248 785 2266 ,
809 2221 857 2256 ut
871 2221 911 2256 et
930 2209 1250 2267 custodiantur,
1267 2221 1308 2255 et
1327 2219 1585 2270 augeantur,
1603 2217 1645 2254 et
1660 2224 1756 2270 per-

372 2283 596 2340 ficiantur,
633 2292 675 2327 et
701 2284 1063 2327 remunerentur?
1091 2281 1188 2327 Non
1213 2281 1400 2327 serviant
1433 2280 1538 2326 huic
1565 2277 1750 2334 saeculo,

372 2371 425 2401 ne
450 2363 683 2400 vanescant
707 2370 809 2399 cum
835 2353 910 2399 illo
934 2364 1063 2417 atque
1084 2352 1345 2417 dispereant.
1376 2352 1477 2397 Non
1507 2350 1584 2397 diu
1610 2361 1754 2396 tecum

371 2425 416 2472 in
449 2425 536 2470 hoc
561 2424 774 2484 agendum
810 2424 1036 2481 novimus,
1077 2434 1240 2488 quanta
1271 2423 1476 2468 facilitate
1514 2419 1755 2467 consideres

372 2511 468 2559 spes
504 2495 697 2541 inanium
733 2495 991 2552 hominum,
1027 2506 1069 2541 et
1100 2494 1366 2540 insatiabiles
1397 2493 1685 2557 cupiditates,
1714 2501 1755 2535 et

370 2566 578 2613 incertam
600 2567 746 2613 vitam.
778 2567 929 2626 Abjice
949 2567 1082 2626 igitur
1099 2583 1146 2611 ex
1169 2565 1311 2612 animo
1336 2563 1555 2629 quidquid
1575 2573 1755 2608 terrenae

374 2647 501 2701 atque
540 2637 656 2683 tals-<t-
685 2636 904 2684 l'elicitatis
935 2637 1227 2701 expectatione
1252 2646 1513 2700 conceperat
1537 2653 1547 2680 ε
1574 2648 1753 2697 operare
