1902 3268
673 312 885 346 Erisrom
920 315 1077 348 cxvm.
1462 303 1556 355 383

176 384 273 433 vult
296 380 476 430 omnino
514 379 678 445 aliquid
711 392 874 444 praeter
895 399 1081 447 corpora
1105 383 1295 445 cogitare
1325 398 1459 451 :quae
1487 395 1557 434 ta-

176 467 276 502 men
295 463 345 500 ut
367 452 546 513 cogitet,
575 451 781 512 imagines
806 451 915 499 dicit
942 454 998 499 ab
1019 454 1123 519 ipsis
1151 454 1306 515 rebus,
1327 473 1435 522 quas
1461 468 1555 505 ato·

175 525 260 572 mis
291 524 470 572 formari
497 532 656 587 putat,
696 522 885 570 defluere
911 534 1041 588 atque
1071 525 1116 572 in
1148 526 1343 574 animum
1376 528 1556 578 introire

175 595 425 642 subtiliores
448 609 582 659 quam
606 603 708 640 sunt
732 593 820 640 illae
843 595 1077 655 imagines,
1108 608 1208 660 quae
1241 596 1294 644 ad
1314 597 1464 646 oculos
1482 609 1560 646 ve·-

175 666 318 713 niunt.
349 667 462 713 Nam
482 676 526 712 et
544 663 724 712 videndi
745 678 919 711 causam
939 665 1055 712 hanc
1084 682 1170 713 esse
1202 667 1341 725 dicit,
1366 668 1558 730 ingentes

174 735 424 801 quasdam
412 736 623 797 imagines
655 735 714 781 ita
737 744 787 780 ut
810 735 1060 781 universum
1088 737 1307 783 mundum
1331 738 1557 803 complec-

173 817 324 854 tantur
341 806 616 854 extrinsecus.
641 805 751 852 Intel
754 805 851 866 ligis
869 816 1012 852 autem
1027 807 1136 866 jam,
1159 815 1208 853 ut
1221 807 1429 867 arbitror
1450 824 1558 874 quas

175 877 244 925 isti
263 879 498 944 opinentur
518 878 740 938 imagines.

239 950 403 998 XXIX.
445 949 586 997 Miror
614 962 704 994 non
743 947 1017 994 admonuisse
1045 950 1348 998 Democritum
1381 951 1450 999 vel
1471 948 1560 999 hoc

174 1020 271 1085 ipso
299 1019 405 1066 falsa
433 1034 520 1066 esse
553 1032 655 1082 quae
691 1017 830 1075 dicit,
874 1019 978 1082 quia
1012 1019 1230 1066 venientes
1265 1032 1353 1067 tam
1389 1036 1559 1082 magnae

174 1089 382 1150 imagines
407 1090 453 1135 in
477 1100 564 1136 tam
591 1089 766 1134 brevem
796 1088 990 1134 animum
1014 1098 1236 1147 nostrum,
1256 1108 1290 1137 si
1305 1108 1558 1156 corporeus,

176 1170 228 1207 ut
251 1160 316 1207 illi
335 1160 510 1217 Volunt,
538 1171 627 1206 tam
650 1173 787 1222 parvo
812 1172 997 1223 corpore
1026 1159 1289 1219 includitur,
1313 1172 1415 1209 totae
1435 1160 1561 1209 illum

178 1241 350 1292 tangere
370 1247 460 1278 non
484 1240 676 1295 possunt.
712 1231 749 1276 A
779 1242 937 1290 magno
965 1229 1082 1277 enim
1111 1248 1295 1296 corpore
1329 1250 1430 1280 cum
1451 1249 1561 1297 par-

177 1319 284 1350 vum
308 1319 466 1368 corpus
491 1302 742 1363 attingitur,
778 1319 800 1347 a
829 1312 921 1348 toto
946 1302 1075 1349 simul
1101 1303 1254 1365 attingi
1287 1304 1411 1351 nullo
1433 1315 1564 1370 pacto

176 1385 352 1438 potest:
377 1373 601 1439 quomodo
622 1374 753 1434 igitur
770 1382 874 1419 totae
897 1374 1025 1419 simul
1048 1375 1313 1435 cogitantur,
1341 1376 1375 1422 si
1398 1377 1442 1422 in
1459 1387 1562 1422 tan-
1594 1428 1599 1431 ,

177 1455 272 1493 tum
296 1445 577 1506 cogitantur,
615 1444 661 1490 in
682 1454 899 1507 quantum
938 1444 1156 1491 venientes
1191 1456 1319 1510 atque
1354 1447 1567 1493 intrantes

181 1517 375 1562 animum
395 1516 633 1576 attingunt,
657 1529 758 1578 quae
777 1531 857 1561 nee
874 1522 980 1561 totae
996 1515 1157 1562 intrare
1170 1527 1352 1580 possunt
1372 1530 1452 1581 per
1475 1527 1564 1564 tam

181 1601 370 1650 parvum
403 1602 565 1650 corpus
590 1623 600 1643 ,
629 1602 710 1632 nec
741 1596 847 1631 totae
875 1595 962 1631 tam
987 1602 1175 1649 parvum
1201 1587 1397 1634 animum
1427 1589 1565 1634 attin-

182 1659 311 1716 gere?
333 1656 555 1702 Memento
575 1670 642 1701 me
660 1655 901 1702 secundum
916 1656 1013 1702 illos
1033 1657 1133 1703 haec
1153 1657 1298 1704 dicere
1320 1675 1331 1703 t
1349 1671 1435 1704 non
1450 1658 1567 1705 enim

183 1742 262 1787 ego
284 1727 413 1774 talem
439 1727 631 1773 animum
651 1727 818 1773 sentio:
853 1738 926 1773 aut
949 1728 984 1773 si
1004 1727 1316 1792 incorporeum
1342 1728 1569 1776 Democri-

186 1808 254 1844 tus
278 1798 471 1844 animum
491 1798 725 1854 existimat,
744 1799 961 1860 Epicurus
979 1798 1156 1862 quidem
1172 1799 1285 1846 solus
1304 1800 1383 1847 ista
1402 1801 1570 1847 ratione

186 1869 332 1928 urgeri
356 1879 500 1933 potest
521 1886 533 1915 :
561 1868 631 1915 sed
654 1869 782 1915 etiam
806 1868 879 1914 ille
903 1880 1038 1932 quare
1063 1885 1151 1916 non
1171 1869 1306 1927 vidit,
1338 1884 1426 1917 non
1458 1879 1570 1935 opus

186 1955 275 1986 esse
297 1950 376 1985 nec
398 1940 488 1985 fieri
510 1956 633 2003 posse
650 1976 660 1995 ‚
687 1950 736 1985 ut
759 1939 1045 2002 incorporeus
1078 1940 1249 1986 animus
1276 1940 1468 1987 adventu
1500 1946 1570 1987 a'tss-

187 2026 273 2074 que
299 2021 506 2056 contactu
538 2024 848 2073 corporearum
886 2010 1127 2070 imaginum
1166 2011 1363 2070 cogitet?
1392 2011 1456 2056 De
1480 2012 1573 2057 visu

187 2081 305 2128 Certe
327 2082 580 2138 oculorum,
606 2082 736 2127 ambo
755 2082 918 2145 pariter
940 2082 1265 2142 redarguuntur
1298 2101 1309 2128 x
1349 2093 1438 2128 tam
1458 2083 1573 2128 enim

190 2152 342 2199 breves
366 2152 532 2208 oculos,
552 2163 639 2198 tam
659 2151 837 2211 grandia
863 2153 1104 2212 imaginum
1124 2170 1310 2216 corpora
1330 2163 1422 2198 tota
1444 2154 1572 2198 attin-

192 2238 289 2284 gere
312 2222 435 2268 nullo
460 2222 592 2268 modo
611 2233 808 2286 possunt.

260 2293 401 2340 XXX.
431 2296 545 2338 Cum
569 2303 712 2338 autem
732 2293 946 2355 quaeritur
967 2293 1021 2338 ab
1054 2293 1135 2347 eis,
1164 2309 1298 2355 quare
1322 2308 1408 2338 una
1431 2291 1575 2352 imago

194 2363 393 2412 videatur
418 2364 614 2428 corporis
633 2364 837 2423 alicujus,
869 2381 892 2408 a
915 2380 1003 2426 quo
1024 2363 1402 2409 innumerabiliter
1428 2363 1578 2423 imagi-

195 2451 271 2482 nes
292 2435 438 2480 ssuunt
458 2452 469 2480 :
495 2433 786 2497 respondent,
810 2450 859 2479 eo
876 2434 971 2497 ipso
994 2448 1082 2497 quo
1101 2432 1348 2497 frequenter
1369 2433 1514 2479 fluunt
1536 2443 1577 2478 et

197 2515 424 2551 transeunt
452 2505 685 2564 imagines,
716 2504 837 2566 quasi
862 2503 1054 2567 quadam
1082 2518 1229 2563 earum
1256 2504 1577 2567 constipatione

196 2586 242 2623 et
263 2575 473 2622 densitate
498 2575 590 2621 fieri
610 2612 620 2630 ,
648 2585 695 2621 ut
717 2590 765 2620 ex
792 2575 938 2620 multis
963 2588 1049 2620 una
1071 2574 1288 2622 videatur.
1323 2575 1469 2632 Quam
1493 2590 1573 2620 va-

198 2647 381 2695 nitatem
413 2646 567 2693 Cicero
598 2645 659 2691 ita
693 2644 879 2703 refellit,
910 2655 960 2692 ut
991 2660 1042 2690 eo
1076 2644 1173 2707 ipso
1206 2648 1332 2705 neget
1366 2655 1578 2692 aeternum
