1902 3268
621 286 828 318 EPtSToLA
865 289 1062 319 CXXXVII
1436 279 1528 326 513
1577 306 1583 314 ‘

156 350 267 397 rium
288 351 417 412 vulgo
445 351 683 399 nascitur'.
708 353 840 411 Quod
858 365 999 400 autem
1016 355 1068 401 acl
1093 356 1358 417 adjutorium
1381 362 1529 422 gtatiae

154 416 358 485 pertinet,
376 438 475 485 quae
494 421 539 468 in
555 422 732 469 Christo
745 434 824 481 est,
843 424 933 489 ipse
956 427 1221 476 estomnino.

342 541 415 580 Quo
436 537 516 570 duce
531 539 630 581 siqua
649 547 775 572 manent
791 542 870 573 secte
856 541 914 573 eris
935 544 1062 584 vestigia
1084 546 1180 577 nostri
1200 573 1209 588 ,

345 595 441 627 Irrita
457 601 610 638 perpetua
630 597 754 629 solvent
774 598 945 630 formidine
966 605 1064 632 terras
1078 600 1111 631 2:

218 693 345 740 Xlll,
386 712 407 733 ε(
429 690 515 737 Sed
550 691 700 749 nulla,
743 693 979 758 inquiunt,
1012 698 1363 760 competentibus
1406 699 1539 761 signis

152 763 403 811 claruerunt
424 773 553 809 tantae
574 765 805 824 majestatis
822 765 984 812 indicia
1006 784 1017 812 :
1037 769 1139 831 quia
1157 766 1326 814 larvalis
1342 769 1412 815 illa
1435 788 1538 834 pur—

152 835 286 895 gatio,
319 834 532 881 debilium
561 850 680 880 curae
711 834 881 881 reddita
923 837 1010 881 vita
1053 836 1297 894 defunctis,
1328 839 1359 884 si
1386 850 1427 885 et
1468 841 1541 888 alii

149 904 495 961 considerentur,
515 905 606 951 Deo
626 922 759 969 parva
784 916 899 952 sunt.
929 927 948 947 >³
967 909 1000 952 F
1004 917 1170 954 atemur
1193 908 1436 972 quidemet
1459 929 1538 958 nos

152 976 252 1023 talia
269 975 474 1040 quaedam
496 976 643 1023 fecisse
661 977 906 1040 Prophetas
924 978 956 1024 3.
990 979 1100 1024 Nam
1125 979 1170 1024 in
1196 979 1261 1025 his
1277 980 1407 1040 signis
1422 983 1530 1046 quid

147 1047 425 1094 excellentius
437 1064 570 1111 quam
596 1059 792 1094 mortuos
817 1050 1120 1095 resurrexisse.3
1148 1050 1266 1096 Fecit
1285 1051 1371 1097 hoc
1399 1053 1530 1112 Elias,

147 1117 251 1164 fecit
272 1118 359 1164 hoc
384 1117 567 1164 Elisaeus
591 1117 625 1165 Δ.
651 1119 760 1163 Nam
781 1118 834 1164 de
857 1136 1081 1180 magorum
1119 1120 1337 1167 miraculis
1352 1159 1362 1178 ,
1386 1134 1531 1170 utrum

147 1188 277 1234 etiam
319 1197 513 1234 mortuos
549 1188 868 1244 suscitaverint,
915 1189 976 1234 illi
1019 1189 1206 1236 viderint
1231 1201 1273 1236 et
1308 1192 1382 1254 qui
1410 1195 1531 1256 Apu-

146 1258 279 1305 leium
305 1276 348 1305 se
374 1269 527 1305 contra
551 1260 816 1319 magicarum
836 1260 995 1306 artium
1022 1261 1205 1306 crimina
1240 1263 1533 1325 copiosissime

147 1329 470 1384 defendentem,
517 1341 735 1376 conantur
774 1347 859 1376 non
900 1331 1164 1386 accusando,
1204 1331 1277 1378 sed
1302 1332 1536 1381 laudando

145 1400 420 1448 convincere.
448 1402 535 1446 Nos
558 1400 757 1461 legimus,
786 1419 932 1461 magos
953 1404 1255 1465 AEgyptiorum
1285 1403 1442 1449 artium
1469 1405 1531 1451 is-

147 1481 287 1517 tarum
307 1469 610 1534 peritissimos,
633 1489 654 1516 a
680 1476 833 1534 Moyse
854 1471 1018 1518 famulo
1040 1473 1119 1518 Dei
1140 1472 1267 1519 fuisse
1289 1486 1532 1537 superatos,

144 1559 245 1589 cum
272 1540 336 1588 illi
359 1540 564 1605 quaedam
592 1541 702 1587 mira
723 1541 920 1588 nefandis
946 1542 1113 1589 artibus
1134 1554 1324 1604 agerent,
1352 1544 1423 1591 ille
1444 1547 1534 1594 Deo

143 1612 401 1677 simpliciter
427 1612 634 1658 invocato
653 1649 663 1668 ,
690 1613 1042 1659 machinamenta
1061 1631 1210 1660 eorum
1236 1626 1397 1662 cuncta
1420 1618 1531 1664 sub-

141 1693 328 1731 verteret
352 1683 386 1730 ⁵.
420 1682 505 1729 Sed
524 1682 672 1747 etipse
699 1684 884 1746 Moyses,
911 1694 952 1730 et
973 1684 1119 1731 caeteri
1146 1685 1385 1749 Prophetae
1404 1704 1530 1735 vcra-

142 1754 303 1802 cissimi
325 1753 565 1800 Dominum
596 1753 823 1800 Christum
844 1754 1240 1818 prophetaverunt,
1264 1766 1306 1802 et
1343 1757 1525 1817 gloriam

139 1844 342 1889 magnam
359 1826 397 1872 ei
411 1824 641 1881 dederunt,
667 1825 789 1871 hunc
807 1842 895 1872 non
923 1836 1127 1890 tanquam
1154 1844 1302 1890 parem
1319 1828 1421 1885 sibi,
1440 1848 1520 1878 nec

139 1899 186 1945 in
215 1898 366 1945 eadem
388 1896 700 1943 miraculorum
725 1897 921 1960 potentia
958 1898 1244 1961 superiorem,
1279 1899 1352 1945 sed
1388 1901 1518 1965 plane

138 1970 380 2017 Dominum
404 1970 544 2015 Deum
567 1967 764 2013 omnium
803 1978 845 2013 et
867 1967 1090 2014 hominem
1109 1980 1291 2033 propter
1318 1970 1516 2020 homines

138 2042 305 2090 factum
339 2051 570 2088 venturum
612 2038 1034 2103 praenuntiaverunt.
1084 2040 1171 2097 Qui
1211 2052 1442 2105 propterea
1474 2055 1517 2090 et

135 2114 228 2178 ipse
249 2113 350 2160 talia
364 2112 505 2159 facere
528 2110 682 2167 voluit,
710 2128 762 2156 ne
789 2121 894 2157 esset
918 2110 1177 2169 absurdum,
1200 2129 1300 2176 quae
1316 2131 1393 2177 per
1416 2115 1512 2162 illos

134 2186 309 2243 fecerat,
326 2185 360 2230 si
370 2183 463 2247 ipse
480 2199 568 2228 non
583 2182 754 2229 faceret.
776 2181 862 2228 Sed
880 2193 1021 2228 tamen
1036 2193 1077 2228 et
1098 2182 1263 2246 aliquid
1277 2185 1509 2248 proprium

136 2256 278 2303 facere
296 2255 451 2302 debuit
475 2271 485 2298 :
516 2253 643 2301 Nasci
680 2253 733 2299 de
749 2253 932 2313 virgine,
960 2272 982 2299 a
1006 2254 1187 2299 mortuis
1202 2272 1436 2316 resurgere,
1464 2259 1508 2304 in

137 2327 301 2376 coelum
324 2323 564 2372 ascendere.
590 2324 686 2370 Hoc
715 2325 805 2369 Deo
827 2325 903 2387 qui
931 2340 1086 2387 parum
1110 2335 1253 2388 putat,
1285 2327 1391 2390 quid
1410 2329 1512 2392 plus

136 2408 332 2464 expectet
349 2398 516 2458 ignoro.

200 2469 319 2517 XIV.
347 2467 553 2515 Arbitror
577 2467 691 2512 enim
719 2465 819 2512 talia
844 2465 1046 2526 flagitari,
1082 2467 1227 2530 qualia
1250 2486 1396 2529 gerens
1423 2471 1508 2519 ho·-

184 2570 298 2613 ¹Virg.
318 2569 427 2611 Eglog,
455 2579 498 2605 ιν,
517 2578 600 2599 verz.
624 2568 676 2597 25.
695 2585 738 2589 —
758 2565 772 2587 Ἰ
803 2565 886 2600 11)ὶᾰ,
917 2577 996 2600 vers⁴
1021 2569 1058 2598 13
1080 2572 1109 2598 (ἱ
1136 2574 1185 2605 ι4.
1201 2587 1241 2592 ——
1265 2567 1278 2592 3
1299 2573 1314 2601 3
1335 2575 1411 2615 ch.
1428 2587 1509 2615 xxv,

137 2639 193 2662 υ.
210 2644 251 2650 -
268 2623 282 2647 ⁴
299 2631 315 2662 (4
332 2628 409 2666 Κείς.
429 2635 470 2655 xv.
491 2625 543 2658 35.
566 2642 603 2647 ——
622 2622 635 2645 ⁵
655 2623 753 2654 Exod.
777 2633 837 2660 vit,
853 2627 879 2653 et
902 2633 990 2666 seqq.

264 2695 407 2726 chw.
1321 2685 1378 2729 1513
