1902 3268
664 259 874 288 ltt‘ls'rotA
913 260 1076 289 Lxxxti.
1476 266 1483 294 1
1510 265 1558 310 Η.)

189 325 290 370 nino
326 324 582 370 meminisse
619 324 853 371 voluntatis
891 336 963 371 aut
987 324 1282 388 dispositioni<
1307 363 1315 372 .
1345 339 1414 372 ant
1448 345 1556 373 ron-

185 396 415 453 sensioni-s‚
454 406 528 442 aut
556 394 703 441 saltem
727 396 1023 455 cogitationis,
1058 408 1104 442 ut
1133 397 1264 443 tieret.
1296 397 1390 442 Hoc
1414 400 1445 444 si
1473 417 1556 444 mm

185 466 396 524 credunt,
420 465 540 532 quod
579 476 683 512 teste
714 467 805 512 Deo
841 467 1020 531 loquor,
1056 466 1165 531 quid
1193 466 1381 531 amplius
1403 469 1556 515 faciam

183 553 271 583 non
308 537 466 585 habeo.
512 540 602 598 Ego
638 549 777 584 tamen
804 539 916 584 absit
952 550 998 585 ut
1035 556 1106 584 eos
1140 537 1312 584 credam
1347 539 1445 585 haec
1475 551 1559 586 tuae

182 610 403 656 sanctitati
427 610 636 657 malevola
660 621 800 656 mente
831 628 1054 671 suggerere
1085 610 1139 655 ad
1178 609 1425 656 excitandas
1448 612 1560 657 inter

181 681 516 729 nosinimicitias
531 701 542 736 ;
559 697 667 745 quas
685 681 978 727 misericordia
999 680 1175 726 Domini
1195 680 1269 725 Dei
1285 681 1418 726 nostri
1440 698 1560 734 aver-

182 761 241 797 tat
262 769 285 798 a
314 753 466 807 nobis;
500 753 570 798 sed
594 789 604 805 ,
631 752 720 797 sine
747 751 836 796 ulio
860 750 1045 797 nocendi
1064 751 1210 796 animo
1226 785 1236 804 ,
1261 750 1386 795 facile
1408 751 1461 796 de
1478 751 1557 797 1ιο-

178 822 293 868 mine
328 823 521 870 humana
566 822 669 868 vitia
720 822 944 885 suspicari.
990 822 1085 866 l‘ioc
1120 821 1232 866 enim
1272 837 1339 865 me
1380 820 1433 865 de
1471 821 1554 867 illis

176 909 354 957 aequum
367 905 428 940 est
443 893 634 949 credere,
653 892 686 938 si
706 909 802 938 vasa
829 902 930 937 sunt
956 891 1138 948 Christi,
1163 908 1249 936 non
1267 890 1312 935 iu
1329 901 1560 937 contum(-

175 962 278 1008 liam
294 999 305 1020 ‚
333 963 406 1010 sed
431 964 475 1010 in
495 964 706 1009 honorem
734 963 848 1009 faeta
872 1000 882 1017 ,
905 973 946 1008 et
966 962 1175 1027 disposita
1190 961 1233 1007 in
1252 960 1384 1006 domo
1400 979 1554 1021 magna

175 1050 198 1078 a
227 1035 334 1092 Deo,
360 1034 405 1080 in
425 1051 535 1098 opus
551 1034 734 1081 bonum.
756 1032 888 1091 Quod
912 1033 945 1079 si
964 1047 1064 1097 post
1093 1033 1207 1078 hanc
1239 1032 1555 1078 attestationem

174 1123 314 1153 meam
335 1143 347 1162 ,
385 1108 418 1153 si
442 1107 487 1154 in
521 1107 719 1152 notitiam
744 1123 894 1152 eorum
926 1105 1092 1152 venerit
1115 1142 1124 1162 ,
1151 1104 1291 1151 facere
1311 1103 1556 1158 voluerint;

171 1193 306 1241 quam
329 1195 418 1225 non
436 1188 550 1224 recte
571 1177 737 1224 faciant
754 1215 764 1234 ‚
788 1188 830 1223 et
854 1188 902 1223 tu
920 1176 1056 1224 vides

238 1248 450 1296 XXXIII.
492 1248 625 1306 Quod
654 1266 754 1294 sane
791 1248 1069 1311 scripseram,
1099 1245 1271 1292 nullum
1297 1263 1362 1291 me
1386 1245 1555 1291 librum

173 1319 376 1366 adversus
399 1333 440 1365 te
461 1322 648 1366 Romam
670 1319 849 1374 misisse,
878 1319 976 1364 ideo
997 1318 1252 1381 scripseram
1273 1352 1283 1370 ‚
1309 1317 1412 1380 quia
1439 1327 1480 1361 et
1503 1316 1559 1361 li-

172 1388 239 1435 bri
265 1406 422 1436 nomen
449 1391 506 1435 ab
541 1389 615 1435 illa
637 1388 833 1452 Epistola
857 1388 1155 1434 discernebam
1177 1424 1187 1443 ‚
1220 1385 1336 1432 unde
1371 1386 1555 1431 omnino

170 1461 314 1507 nescio
347 1461 455 1525 quid
489 1460 608 1507 aliud
640 1470 682 1505 te
713 1459 882 1506 audisse
905 1459 1276 1515 existimaveram3
1301 1467 1342 1502 et
1368 1457 1553 1502 Romam

169 1548 249 1578 nec
272 1533 411 1596 ipsam
447 1531 720 1596 Epistolam‚
747 1530 819 1576 sed
848 1531 927 1576 tibi
965 1531 1163 1576 miseram
1186 1546 1196 1582 ;
1221 1538 1260 1573 et
1287 1527 1490 1573 adversus
1517 1538 1554 1572 te

168 1618 259 1648 non
282 1619 369 1649 esse
393 1602 671 1659 arbitrabar,
714 1601 834 1665 quod
871 1601 1118 1647 sinceritate
1143 1599 1348 1645 amicitia·
1388 1599 1474 1644 sive
1499 1599 1550 1643 ad

169 1672 512 1731 admonendum,
531 1673 619 1719 sive
643 1672 696 1718 ad
719 1684 756 1718 te
778 1672 842 1718 vel
860 1672 1015 1717 meabs
1031 1683 1070 1716 te
1083 1670 1389 1730 corrigendum
1404 1668 1551 1714 secisse

166 1760 236 1789 me
259 1761 482 1790 noveram.
515 1744 713 1808 Exceptis
735 1754 875 1789 autem
902 1742 1190 1788 familiaribus
1212 1741 1295 1786 tuis
1314 1777 1324 1798 ,
1347 1750 1386 1784 te
1406 1740 1548 1802 ipsum

167 1814 348 1861 obsecro
365 1831 444 1879 per
466 1816 666 1875 gratiam,
683 1832 769 1879 qua
793 1814 1009 1877 redempti
1036 1829 1210 1865 sumus,
1242 1823 1288 1857 ut
1314 1827 1546 1874 quacum-

164 1901 250 1950 que
269 1895 344 1932 tua
360 1887 479 1946 bona
500 1924 509 1941 ,
528 1903 628 1950 quae
656 1886 735 1932 tibi
762 1886 956 1931 bonitate
986 1884 1162 1930 Domini
1186 1899 1388 1928 concessa
1410 1892 1505 1926 sunt
1533 1918 1543 1936 ,

163 1955 210 2001 in
229 1956 381 2003 litteris
406 1958 510 2003 meis
531 1957 681 2021 posui,
709 1974 794 2002 nou
820 1972 885 2001 me
905 1956 1116 2001 existimes
1137 1953 1344 2000 insidioso
1366 1951 1545 1996 blandi-

163 2025 312 2091 loquio
333 2027 540 2091 posuisse.
573 2028 619 2073 Si
649 2027 756 2091 quid
781 2037 923 2072 autem
944 2026 988 2071 in
1026 2037 1063 2070 te
1096 2023 1275 2088 peceavi
1294 2061 1303 2075 ,
1346 2021 1544 2067 dimittas

161 2098 291 2145 mihi.
315 2100 405 2145 Nec
427 2098 538 2145 illud
555 2098 677 2163 quod
698 2096 752 2143 de
780 2097 923 2143 nescio
949 2100 1017 2157 cuj
1028 2113 1073 2142 us
1096 2100 1244 2159 poetae
1270 2093 1386 2139 sacto
1411 2092 1543 2155 inep-

161 2169 247 2216 tius
268 2169 446 2217 fortasse
466 2185 599 2232 quam
621 2169 852 2215 litteratius
879 2187 901 2214 a
928 2185 994 2213 me
1025 2174 1414 2229 commemoratum
1447 2174 1510 2208 est
1529 2200 1540 2217 ‚

164 2240 351 2304 amplius
372 2257 505 2304 quam
529 2239 635 2296 dixi,
660 2239 711 2285 ad
736 2251 773 2285 te
795 2239 941 2285 trahas
965 2256 975 2283 :
999 2255 1102 2284 cum
1119 2236 1330 2282 continuo
1349 2233 1543 2292 subjece-

161 2310 243 2355 rim
267 2327 356 2356 non
374 2310 460 2356 hoc
475 2310 574 2356 ideo
597 2328 664 2356 me
688 2310 840 2356 dixisse
857 2346 866 2363 ,
893 2319 940 2355 ut
965 2308 1113 2355 oeulos
1134 2305 1280 2352 cordis
1298 2303 1511 2367 reciperes
1527 2340 1537 2357 ‚

160 2398 270 2445 quos
300 2382 414 2428 absit
452 2398 645 2446 unquam
678 2393 727 2427 ut
751 2381 969 2427 amiseris:
997 2379 1069 2424 sed
1100 2389 1148 2424 ut
1174 2377 1414 2423 adverteres
1435 2391 1543 2438 quos

160 2468 284 2498 sanos
311 2469 360 2498 ac
391 2452 541 2512 vigiles
562 2452 759 2498 haberes.
793 2452 980 2513 Propter
1007 2449 1138 2495 solam
1164 2465 1265 2508 ergo
1289 2442 1536 2503 παλινῳδίαν

159 2521 194 2567 si
213 2521 380 2587 aliquid
399 2523 695 2586 scripserimus
712 2523 726 2586 (
743 2521 828 2582 io),
851 2521 971 2585 quod
999 2521 1163 2584 scripto
1187 2517 1424 2582 posteriore
1438 2514 1537 2560 des-

158 2602 301 2642 truere
335 2594 597 2651 debeanmS,
637 2592 896 2640 imitandam
918 2629 929 2649 ,
965 2608 1052 2638 non
1078 2601 1260 2656 propter
1295 2585 1536 2635 Stesichori
