1902 3268
626 275 840 309 EPISTOLA
876 275 1037 311 xcv111.
1438 270 1530 333 239

151 341 345 388 dendum
371 349 447 390 est.
477 341 626 405 Neque
646 343 761 388 enim
793 344 895 407 quia
921 345 1148 405 cnjusdam
1178 348 1415 411 Prophctae
1446 349 1526 395 de-

151 413 354 458 mentiam
378 415 495 458 Deus
516 412 656 459 voluit
673 413 800 458 etiam
830 415 945 460 asina
962 415 1166 479 loquente
1190 423 1413 474 coercere,
1433 419 1529 465 ideo

151 478 403 529 admiranda
414 492 475 529 est
490 483 706 528 asinorum
728 485 980 547 sapi011tia1.
997 488 1134 532 Porro
1155 488 1186 532 si
1202 504 1279 551 per
1297 488 1455 534 animal
1470 489 1527 534 ir-

149 552 359 599 rationale
385 554 531 599 sonuit
559 553 724 616 aliquid
746 554 916 600 homini
935 555 1200 602 simillimum
1221 594 1231 612 ‚
1250 558 1369 621 quod
1392 558 1526 604 mira-

150 622 249 668 culo
277 622 425 669 divino
439 659 449 679 ‚
463 639 551 668 non
566 623 687 668 cordi
714 624 880 670 asinino
906 626 1189 671 tribuendum
1205 627 1285 673 sit:
1308 628 1366 672 ita
1382 629 1527 691 potuit

149 694 422 756 omnipotens
439 711 518 757 per
534 692 710 738 infantis
733 695 918 740 animam
937 733 946 748 ‚
967 712 1054 740 non
1076 696 1152 741 ubi
1165 697 1273 742 ratio
1287 697 1403 744 nulla
1417 709 1525 756 erat,

148 762 220 807 sed
245 763 322 808 ubi
343 763 491 809 adhuc
517 764 657 826 sopita
678 773 765 808 crat
780 800 789 818 ‚
808 775 927 823 gestu
949 766 1143 827 corporis
1160 769 1249 824 ejus
1275 767 1524 821 ostendere3

147 831 255 894 quid
276 832 364 889 illi,
386 835 462 896 qui
484 843 524 878 et
542 834 633 895 ipse
651 843 690 877 et
713 832 756 877 in
779 833 986 895 parvulos
1005 851 1104 879 suos
1122 845 1435 898 peccaverant,
1454 849 1528 883 cu-

147 914 240 947 rare
265 902 487 950 deberent.
523 904 740 947 Caeterum
779 919 880 947 cum
913 903 1054 949 intans
1088 922 1175 950 non
1203 904 1346 951 redeat
1366 907 1409 951 in
1443 921 1528 970 pa-

148 981 336 1030 rentem,
364 985 410 1019 ut
432 983 531 1018 cum
548 972 622 1017 illo
642 983 683 1017 et
702 973 747 1018 in
767 972 839 1017 illo
862 986 972 1019 unus
997 974 1129 1020 honio
1150 976 1225 1030 sit,
1253 976 1324 1021 sed
1350 978 1528 1023 omnino

148 1042 254 1088 alter
273 1044 348 1099 sit,
373 1043 540 1088 habens
559 1060 734 1088 carnem
758 1060 878 1089 suam
894 1054 935 1089 et
951 1045 1137 1092 animam
1155 1060 1276 1092 suam
1293 1084 1304 1103 ,
1331 1068 1351 1089 α
1370 1048 1524 1095 Anima

148 1133 170 1154 >2
189 1127 290 1176 quae
312 1113 590 1176 peccaverit,
623 1114 714 1176 ipsa
739 1115 962 1161 morietur.
992 1136 1009 1156 v

214 1183 265 1228 V.
306 1184 396 1228 Nec
436 1182 548 1228 illud
581 1193 618 1228 te
655 1195 849 1239 moveat,
883 1184 1001 1247 quod
1034 1185 1211 1248 quidam
1243 1202 1328 1232 non
1363 1205 1410 1233 ea
1442 1189 1527 1236 fide

149 1253 204 1299 ad
239 1254 508 1316 baptismum
552 1255 882 1317 percipiendum
931 1273 961 1319 p
979 1273 1089 1301 zrvos
1130 1256 1276 1302 ferunt
1298 1295 1307 1314 ,
1345 1269 1392 1304 ut
1426 1277 1524 1320 gra-

149 1324 205 1369 tia
231 1324 416 1388 spiritali
449 1324 503 1369 ad
531 1325 663 1370 vitam
695 1337 998 1384 regenerentur
1037 1338 1267 1383 aeternam,
1300 1328 1373 1374 sed
1403 1330 1523 1393 quod

147 1411 217 1440 eos
255 1404 413 1458 putant
445 1394 533 1440 hoc
568 1395 758 1440 remedio
796 1396 1078 1459 temporalem
1109 1397 1290 1443 retinere
1323 1400 1388 1445 vel,
1418 1402 1525 1446 reci-

146 1477 249 1527 pere
285 1465 523 1511 sanitatem.
562 1466 662 1509 Non
705 1465 820 1510 enim
854 1477 1088 1530 propterea
1119 1466 1180 1512 illi
1221 1473 1308 1513 non
1347 1483 1525 1529 regene-

147 1544 315 1592 rantur,
340 1535 442 1598 quia
462 1550 548 1579 non
564 1535 618 1580 ab
641 1534 731 1580 istis
750 1535 835 1580 hac
854 1536 1094 1581 intentione
1114 1537 1368 1585 offeruntur.
1397 1540 1525 1585 Cele-

146 1603 334 1649 brantur
361 1605 474 1650 enim
496 1621 572 1667 per
594 1621 664 1649 eos
690 1606 928 1650 necessaria
953 1606 1214 1662 ministeria,
1237 1618 1278 1652 et
1305 1609 1434 1654 verba
1454 1626 1525 1654 sa-

146 1681 485 1729 cramentorum,
504 1675 592 1719 sine
605 1675 763 1737 quibus
776 1680 1018 1721 consecrari
1036 1676 1245 1738 parvulus
1260 1695 1346 1722 non
1360 1690 1515 1741 potest.

149 1744 338 1807 Spiritus
355 1755 494 1790 autem
514 1745 585 1790 ille
599 1756 772 1791 sanctus
791 1746 867 1808 qui
887 1746 1060 1791 habitat
1079 1747 1123 1791 in
1145 1747 1312 1794 Sanctis
1329 1787 1338 1801 ,
1358 1762 1404 1794 ex
1419 1753 1522 1814 qui-

146 1814 230 1860 bus
244 1832 328 1860 una
343 1815 415 1860 illa
429 1815 633 1861 columba
647 1815 922 1875 deargentata
935 1816 1160 1861 charitatis
1178 1817 1275 1876 igne
1287 1818 1521 1878 conflatur,

148 1885 237 1945 agit
257 1885 374 1949 quod
392 1886 478 1946 agit
501 1884 619 1949 quod
644 1886 728 1945 agit
748 1887 875 1931 etiam
899 1904 975 1949 per
993 1887 1241 1932 servitutem
1257 1925 1267 1944 ‚
1290 1889 1525 1953 aliquando

148 1971 236 1999 non
260 1955 398 2001 solum
423 1956 680 2018 simpliciter
696 1956 991 2015 ignorantium
1009 1994 1018 2009 ‚
1043 1958 1325 2004 verumetiam
1349 1960 1528 2007 ‹lamna-

147 2024 293 2071 biliter
310 2024 608 2085 indignorum.
640 2025 899 2072 Offeruntur
923 2027 1090 2090 quippe
1121 2027 1292 2090 parvuli
1313 2028 1366 2074 ad
1387 2032 1525 2093 perci-

148 2092 351 2158 piendam
387 2095 623 2159 spiritalem
660 2090 842 2155 gratiam
863 2134 874 2152 ,
914 2112 1002 2142 non
1037 2107 1121 2142 tam
1159 2098 1214 2142 ab
1250 2099 1308 2144 eis
1338 2112 1522 2163 quorum

148 2173 369 2224 gestantur
391 2165 594 2210 manibus
616 2166 837 2228 (quamvis
867 2177 907 2211 et
938 2168 994 2211 ab
1022 2167 1150 2230 ipsis,
1182 2167 1216 2212 si
1243 2179 1283 2213 et
1312 2169 1394 2232 ipsi
1419 2172 1525 2218 boni

148 2234 294 2280 fideles
313 2236 436 2296 sunt)
464 2251 596 2298 quam
623 2236 677 2280 ab
708 2235 906 2281 universa
927 2237 1130 2281 societate
1167 2236 1425 2284 Sanctorum
1457 2251 1525 2286 at-

148 2320 232 2367 que
256 2304 464 2350 fidelium.
499 2305 566 2350 Ab
589 2305 793 2350 omnibus
826 2323 1013 2369 namque
1048 2307 1191 2352 offerri
1214 2318 1329 2353 recte
1360 2309 1524 2356 intelli-

145 2386 325 2433 guntur,
346 2374 507 2438 quibus
526 2374 670 2438 placet
687 2375 806 2438 quod
826 2377 1086 2433 offeruntur,
1109 2385 1353 2440 etquorum
1372 2391 1521 2427 sancta

149 2453 278 2507 atque
301 2444 528 2490 individua
568 2445 780 2490 charitate
818 2445 872 2491 ad
910 2446 1350 2494 communicationem
1387 2453 1523 2498 sancti

147 2511 334 2577 Spiritus
352 2513 627 2575 adjuvantur.
659 2516 771 2561 Tota
794 2515 881 2562 hoc
901 2532 1000 2577 ergo
1020 2523 1158 2564 mater
1177 2517 1396 2579 Ecclesia,
1418 2537 1516 2587 quae

199 2597 209 2620 ¹
228 2599 325 2631 Num,
348 2608 431 2632 xxix.
454 2598 508 2630 28.
