1902 3268
314 295 404 350 384
717 308 750 340 S.
797 310 1039 341 Accusrmi
1078 310 1275 341 musetum

314 376 451 420 Deum
473 389 620 419 eorum
636 390 757 437 posse
777 375 989 434 cogitari‘l
1012 414 1022 422 .
1049 392 1136 438 quo
1162 374 1534 421 innumerabiliter
1553 373 1687 419 ssuen-

314 447 432 493 tibus
464 456 505 490 et
540 444 790 490 labentibus
828 446 1091 505 imaginibus
1114 448 1344 509 cogitatur.
1388 447 1443 491 Et
1480 445 1685 508 quoniam

310 514 710 565 innumerabilitate
741 524 987 561 atomorum
1023 517 1332 579 suppeditante
1351 555 1362 573 ,
1399 517 1553 563 dicunt
1596 515 1688 561 fieri

309 588 468 634 formas
485 585 666 630 deorum
686 586 970 649 sempiternas
985 623 997 643 ,
1024 603 1124 632 cum
1154 587 1213 631 ita
1238 586 1466 633 discedant
1484 586 1689 650 quaedam

311 656 572 722 corpuscula
590 655 642 701 de
664 655 815 702 divino
838 673 1022 721 corpore
1045 668 1093 704 ut
1123 656 1206 703 alia
1240 656 1476 704 succedant
1496 694 1506 713 ,
1531 667 1572 702 et
1600 655 1689 702 dis-

312 729 421 775 solvi
436 728 553 773 illam
568 738 768 773 naturam
786 727 933 773 eadem
950 728 1217 774 successione
1240 746 1328 774 non
1346 729 1489 774 sinant
1510 746 1521 773 ε
1545 749 1564 769 α
1585 728 1692 773 Om-

315 801 386 846 nia
405 816 503 859 crgo
520 836 530 847 .
566 799 708 861 inquit
730 836 741 855 ,
776 810 936 845 aeterna
961 810 1098 845 essent
1114 838 1124 856 ,
1158 823 1176 842 υ
1201 800 1303 864 quia
1327 799 1436 845 nulli
1460 799 1576 845 deest
1610 800 1691 844 ista

315 869 691 918 innumerabilitas
721 880 965 916 atomorum
985 908 995 927 ,
1034 888 1135 934 quae
1158 881 1391 934 perpetuas
1414 870 1560 915 ruinas
1584 869 1692 914 sub--

315 943 416 990 inde
441 940 657 1004 suppleat.
685 941 853 987 Deinde
878 942 1102 1005 quomodo
1139 959 1225 988 non
1260 952 1457 988 vereatur
1491 943 1570 986 iste
1591 939 1694 985 deus

318 1033 370 1061 ne
388 1015 592 1067 intereat,
615 1033 633 1052 «
656 1011 768 1057 Cum
794 1013 883 1059 sine
904 1014 992 1060 ulla
1018 1014 1334 1060 intermissione
1358 1013 1580 1078 pulsetur,
1604 1010 1696 1071 agi-

316 1097 518 1148 teturqne
532 1094 776 1129 atomorum
791 1083 1038 1131 incursione
1057 1085 1346 1148 sempiterna?
1364 1107 1382 1127 η
1402 1083 1566 1148 pulsari
1581 1082 1695 1128 enim

319 1157 424 1203 dicit
449 1154 557 1201 illud
582 1169 742 1217 corpus
758 1190 768 1209 ,
803 1154 923 1217 quod
949 1155 1217 1201 irruentibus
1242 1156 1394 1201 atomis
1418 1155 1595 1200 feriatur
1617 1190 1627 1207 ‚
1656 1162 1698 1197 et

322 1226 472 1289 agitari
498 1224 617 1290 quod
655 1234 908 1288 penetretur
932 1243 943 1270 :
982 1225 1139 1271 deinde
1163 1247 1182 1267 «
1210 1225 1322 1271 Cum
1353 1243 1401 1271 ex
1426 1226 1520 1288 ipso
1544 1222 1699 1282 imagi-

319 1317 393 1345 nes
411 1337 421 1356 9
446 1320 464 1341 ›>
506 1297 559 1343 de
583 1296 746 1360 quibus
776 1299 867 1356 jam
908 1297 1008 1342 satis
1048 1296 1215 1343 dictum
1246 1309 1307 1342 est
1323 1335 1334 1354 ‚
1373 1318 1393 1338 «
1414 1297 1595 1359 Semper
1631 1293 1700 1338 af-

321 1371 489 1425 fluant,
519 1366 784 1431 »quomodo
809 1378 952 1431 potest
984 1367 1038 1413 de
1067 1368 1396 1414 immortalitate
1416 1365 1667 1414 confidere?

385 1440 551 1488 XXXI.
581 1441 631 1483 In
651 1438 815 1502 quibus
838 1439 1042 1484 omnibus
1061 1438 1359 1485 deliramentis
1377 1439 1476 1484 haec
1509 1436 1701 1501 opinan-

323 1513 452 1567 tium,
476 1508 584 1556 illud
603 1509 828 1572 praecipue
852 1509 1089 1555 dolendum
1112 1520 1173 1555 est
1195 1547 1205 1567 ,
1230 1510 1351 1574 quod
1377 1528 1464 1556 non
1484 1507 1641 1555 sufficit
1654 1522 1702 1551 ea

322 1581 489 1630 narrari
508 1618 518 1637 ‚
541 1590 587 1626 ut
608 1578 727 1624 nulla
744 1583 1004 1644 cujusquam
1031 1581 1326 1646 disputatione
1349 1581 1601 1627 adversante
1618 1593 1701 1623 res-

323 1663 516 1719 puantur
544 1669 554 1696 :
586 1650 659 1696 sed
684 1651 1034 1698 acutissimorum
1066 1653 1297 1698 hominum
1316 1652 1485 1712 ingenia
1504 1650 1549 1696 id
1573 1649 1703 1695 etiam

323 1725 543 1786 negotium
567 1732 876 1785 susceperunt,
910 1733 960 1769 ut
994 1723 1170 1787 copiose
1200 1725 1282 1770 ista
1316 1722 1578 1776 refellerent,
1603 1734 1704 1783 quae

323 1798 468 1845 statim
493 1795 611 1841 dicta
635 1794 763 1840 etiam
781 1812 803 1840 a
823 1794 1077 1841 tardissimis
1096 1795 1283 1842 derideri
1298 1795 1518 1858 abjicique
1535 1793 1704 1840 debue-

324 1878 442 1914 runt.
474 1866 520 1912 Si
539 1866 653 1911 enim
677 1865 935 1912 concesseris
951 1884 1037 1912 esse
1055 1877 1237 1922 atomos,
1255 1867 1287 1912 si
1302 1864 1562 1912 concesseris
1575 1862 1704 1909 etiam

327 1953 543 1985 concursu
564 1936 745 1982 fortuito
763 1953 805 1982 se
820 1936 933 2000 ipsas
951 1936 1109 1999 pellere
1135 1948 1176 1983 et
1195 1937 1354 1997 agitare
1373 1956 1383 1990 ;
1413 1954 1519 1982 num
1539 1945 1580 1980 et
1592 1929 1703 1979 illud

327 2009 386 2054 eis
404 2008 467 2054 fas
486 2018 546 2053 est
569 2005 807 2052 concedere
827 2026 838 2060 3
870 2017 917 2052 ut
946 2007 1059 2051 inter
1081 2024 1123 2052 se
1146 2006 1282 2051 atomi
1308 2006 1488 2052 fortuito
1513 2020 1704 2051 concur-

326 2089 465 2125 rentes
480 2114 491 2134 ,
520 2093 609 2122 rem
633 2075 825 2140 aliquam
848 2076 908 2122 ita
931 2077 1192 2133 conficiant,
1218 2087 1267 2123 ut
1287 2094 1380 2123 eam
1404 2076 1544 2122 forma
1566 2072 1707 2121 modi-

327 2150 459 2195 ficent
477 2185 487 2204 ‚
528 2148 667 2207 figura
694 2145 1007 2204 determinent,
1047 2148 1297 2212 aequalitate
1335 2148 1505 2212 poliant
1525 2185 1536 2204 ,
1562 2144 1706 2192 colore

324 2219 570 2274 illustrent,
599 2218 742 2263 anima
764 2223 997 2278 vegetent.3
1023 2236 1123 2279 quae
1147 2220 1292 2265 omnia
1325 2218 1446 2264 nullo
1469 2216 1600 2263 modo
1624 2214 1707 2261 nisi

326 2301 418 2336 arte
438 2289 599 2335 divinae
622 2287 913 2351 providentiae
936 2289 1029 2335 fieri
1043 2290 1179 2347 videt,
1197 2290 1393 2354 quisquis
1410 2288 1544 2349 magis
1565 2296 1707 2334 mente

327 2377 458 2424 quam
480 2358 619 2406 oculis
639 2369 756 2404 amat
775 2359 922 2404 videre
941 2397 951 2413 ‚
978 2359 1110 2423 idque
1132 2361 1189 2406 ab
1210 2378 1259 2406 eo
1278 2361 1437 2424 expetit
1461 2378 1484 2406 a
1506 2376 1594 2424 quo
1612 2356 1707 2403 fac-

328 2442 397 2478 tus
414 2441 490 2477 est.
518 2432 630 2476 Nam
650 2447 729 2476 nec
749 2430 864 2493 ipsas
889 2441 1052 2477 atomos
1074 2449 1160 2478 esse
1183 2432 1272 2478 ullo
1297 2431 1430 2477 modo
1459 2429 1707 2477 conceden-

327 2501 433 2548 dum
455 2511 541 2557 est,
564 2500 703 2564 quod,
727 2500 881 2546 omissa
906 2502 1147 2549 subtilitate
1162 2540 1172 2559 ,
1197 2520 1298 2566 quae
1317 2501 1370 2547 de
1388 2500 1597 2547 divisione
1614 2515 1707 2544 cor-

326 2588 487 2636 porum
528 2588 550 2615 a
587 2569 728 2615 doctis
769 2570 980 2632 traditur,
1015 2572 1114 2620 vide
1137 2589 1270 2637 quam
1302 2571 1429 2618 facile
1466 2567 1706 2617 secundum

376 2656 387 2677 ¹
404 2654 474 2687 Lib.
500 2664 527 2684 1.
547 2651 587 2683 de
608 2654 679 2684 Nat.
702 2655 855 2684 Deorum.
