1902 3268
560 327 770 358 Eris-‘rota
809 328 998 358 Lxxvm.
1410 323 1469 368 83

100 403 267 446 motum
289 392 566 456 impudicum
591 403 631 438 et
657 393 953 449 immundum,
980 411 1058 440 nec
1071 400 1311 447 consentire
1335 404 1473 450 voluit

99 479 180 514 nec
199 471 360 518 tacere,
392 463 479 508 cito
514 478 613 509 eum
637 461 787 510 divina
811 464 1020 510 sententia
1045 467 1363 519 manifestatum
1388 477 1474 522 mi-

101 533 276 581 nisterio
299 532 481 597 proprio
498 544 802 597 repraesentet:
827 535 859 580 si
876 546 1015 581 autem
1031 536 1141 582 male
1159 538 1241 586 sibi
1262 546 1476 605 conscius,

101 603 223 668 quod
257 603 467 666 suspicari
495 621 582 649 non
611 604 773 661 audeo,
802 605 943 651 voluit
978 605 1152 653 alterius
1198 611 1471 663 existimatio-

101 691 201 724 nem
215 673 386 731 laedere,
409 691 509 720 cum
534 678 625 734 ejus
647 675 907 739 pudicitiam
940 677 1236 726 contaminare
1260 699 1347 730 non
1371 704 1479 750 pos-

106 754 185 799 set,
222 744 333 793 sicut
373 744 481 791 dicit
518 746 609 809 ipse
633 763 732 792 cum
758 763 845 810 quo
882 746 1017 792 habet
1040 764 1239 807 causam,
1273 771 1359 802 non
1381 774 1480 805 eum

105 817 330 880 permittat
343 833 465 863 suam
480 817 699 862 occultare
711 817 948 881 nequitiam
965 853 976 874 ‚
1001 828 1048 864 ut
1064 819 1183 882 quod
1203 821 1399 873 homines
1416 829 1485 875 in·

108 886 254 937 venire
290 904 380 936 non
413 898 613 952 possunt,
653 887 707 934 de
737 887 936 952 quolibet
962 905 1114 936 eorum
1141 891 1291 941 divino
1313 898 1486 957 judicio

109 957 379 1021 propaletur.

175 1028 259 1074 111.
284 1031 397 1079 Cum
421 1028 536 1077 enim
553 1029 633 1075 ista
663 1046 731 1075 me
751 1046 880 1076 causa
899 1030 978 1078 diu
1001 1034 1252 1093 cruciasset,
1277 1055 1356 1085 nec
1374 1040 1494 1089 inve-

112 1098 251 1148 nirem
275 1098 498 1163 quomodo
531 1116 642 1147 unus
663 1117 685 1146 e
710 1100 886 1147 duobus
909 1103 1255 1161 convinceretur,
1294 1113 1494 1172 quamvis

113 1169 249 1232 magis
280 1171 537 1235 presbytero
574 1170 849 1222 credidissem
877 1191 888 1218 :
915 1174 1204 1234 cogitaveram
1249 1181 1393 1242 primo
1434 1185 1495 1230 sic

118 1241 269 1290 ambos
291 1243 384 1289 Deo
410 1242 670 1307 relinquere,
699 1243 838 1290 donec
880 1244 927 1290 in
951 1262 1037 1291 uno
1073 1263 1240 1306 eorum,
1272 1252 1350 1315 qui
1386 1255 1497 1301 mihi

118 1322 344 1376 suspectus
376 1324 485 1370 erat,
524 1314 692 1378 aliquid
731 1315 941 1371 existeret,
970 1316 1085 1362 unde
1104 1335 1192 1364 non
1211 1320 1302 1366 sine
1319 1326 1436 1382 justa
1455 1337 1498 1372 et

120 1382 347 1434 manifesta
366 1401 494 1435 causa
519 1385 574 1431 de
593 1396 740 1433 nostro
774 1385 1029 1433 habitaculo
1068 1389 1369 1450 projiceretur.
1414 1397 1499 1442 Sed

120 1471 223 1500 cum
244 1453 491 1518 promoveri
508 1455 552 1502 in
571 1455 844 1511 clericatum,
871 1457 957 1504 sive
977 1456 1067 1504 illic
1084 1476 1164 1522 per
1182 1477 1265 1517 me,
1287 1463 1376 1510 sive
1394 1465 1501 1513 alibi

120 1542 200 1590 per
219 1525 386 1577 litteras
414 1544 530 1578 meas
550 1527 924 1574 vehementissime
953 1541 1202 1587 conaretur,
1222 1549 1322 1593 ergo
1356 1547 1498 1584 autem

120 1596 243 1644 nullo
253 1597 384 1645 modo
402 1596 640 1647 adducerer
654 1599 690 1645 ei
706 1598 893 1655 homini,
915 1599 969 1645 de
985 1617 1075 1664 quo
1091 1611 1259 1649 tantum
1279 1606 1378 1652 mali
1396 1607 1499 1655 exis-

121 1667 338 1723 timarem,
353 1685 508 1719 manus
520 1668 807 1716 ordinationis
825 1670 1065 1734 imponere,
1089 1683 1163 1718 aut
1176 1691 1254 1736 per
1266 1692 1495 1725 commen-

122 1736 341 1788 dationem
368 1755 507 1789 meam
537 1738 665 1785 alicui
688 1738 812 1785 fratri
842 1757 937 1786 meo
970 1758 1068 1787 eum
1106 1744 1492 1807 subintroducere,

122 1807 422 1860 turbulentius
451 1826 573 1869 agere
595 1809 759 1873 coepit,
798 1821 846 1855 ut
870 1811 904 1856 si
925 1811 1016 1873 ipse
1056 1812 1100 1857 in
1130 1813 1382 1863 clericatum
1408 1837 1496 1867 non

122 1890 466 1944 promoveretur,
486 1897 564 1926 nec
583 1881 811 1945 presbyter
830 1882 1078 1928 Bonifacius
1095 1883 1139 1928 in
1158 1901 1234 1931 suo
1255 1888 1392 1946 gradu
1411 1908 1496 1938 esse

121 1949 458 2014 permitteretur.
491 1952 541 1996 In
576 1968 663 2015 qua
700 1955 790 2011 ejus
814 1953 1124 2015 provocatione
1170 1972 1272 2002 cum
1308 1959 1497 2008 viderem

121 2021 394 2073 Bonifacium
420 2020 534 2072 nolle
553 2022 823 2085 quibuslibet
840 2023 1025 2069 infirmis
1049 2035 1092 2069 et
1128 2025 1182 2070 ad
1209 2028 1500 2091 suspicionem

122 2092 348 2156 propensis
369 2091 425 2138 <le
444 2108 535 2142 suae
564 2093 666 2138 vitae
687 2091 964 2140 dubitatione
988 2095 1245 2143 scandalum
1266 2100 1358 2146 fieri
1375 2138 1386 2157 ,
1414 2120 1499 2166 pa-

121 2176 352 2228 ratumque
364 2180 451 2210 esse
466 2164 645 2211 honoris
661 2164 726 2211 sui
746 2165 864 2229 apud
880 2165 1079 2212 homines
1096 2167 1307 2216 damnum
1331 2175 1500 2236 perpeti

120 2236 288 2300 potius,
312 2251 447 2299 quam
466 2234 513 2284 in
539 2251 588 2282 ea
601 2236 895 2291 contentione,
916 2236 959 2281 in
981 2253 1066 2300 qua
1090 2255 1176 2283 non
1205 2252 1347 2302 posset
1368 2242 1497 2303 igno-

123 2307 321 2357 rantibus
341 2315 386 2353 et
413 2304 724 2354 dubitantibus
742 2307 808 2353 vel
838 2306 890 2353 ad
914 2308 1025 2353 mate
1047 2309 1360 2372 suspicandum
1388 2331 1498 2377 pro-

122 2376 378 2429 clivioribus
402 2393 525 2427 suam
564 2377 858 2424 demonstrare
895 2379 1205 2426 conscientiam
1226 2419 1236 2436 ‚
1275 2399 1410 2448 usque
1443 2386 1497 2432 ad

125 2448 332 2501 Ecclesiae
344 2448 718 2511 perturbationem
749 2450 934 2495 inaniter
953 2450 1182 2513 progredi:
1209 2452 1314 2513 elegi
1330 2455 1498 2520 aliquid

124 2518 335 2574 medium,
358 2528 406 2569 ut
429 2529 547 2568 certo
570 2519 732 2583 placito
757 2537 799 2565 se
819 2520 951 2566 ambo
988 2523 1330 2583 constringerent
1354 2524 1407 2572 ad
1429 2526 1499 2573 lo-

126 2608 229 2642 cum
267 2599 465 2645 sanctum
486 2607 529 2642 se
551 2602 842 2655 peffecturos,
872 2591 947 2638 uhi
985 2593 1245 2642 terribiliora
1266 2614 1395 2659 opera
1421 2598 1498 2644 Dei

127 2681 214 2711 non
230 2678 375 2711 sanam
398 2665 711 2726 cujuscumque
727 2662 1032 2709 conscientiam
1057 2664 1193 2711 multo
1210 2666 1379 2713 facilius
1398 2685 1501 2731 apc-

1328 2740 1369 2783 (i.
