1902 3268
349 335 442 388 [220
773 345 808 374 s,
856 341 1095 372 avers‘riul
1135 338 1336 370 Eriscort

350 412 523 462 videtur
539 409 654 456 enim
685 408 793 454 mihi
823 407 893 453 ille
914 424 998 452 non
1024 422 1202 470 parcere
1243 403 1436 468 corpori.
1457 402 1533 467 qui
1555 418 1730 447 carnem

348 482 524 547 jejtiniis
548 480 716 535 domat‚
755 478 868 523 sicut
900 476 1137 540 Apostolus
1155 475 1262 521 dicit
1297 493 1347 520 z«
1368 473 1576 521 Lividum
1617 472 1731 519 facio

350 576 371 597 ι)
396 569 562 616 corpus
585 566 749 605 meum,
777 548 874 594 etin
902 548 1151 593 servitutem
1169 545 1318 605 redigo
1344 546 1392 590 ll2
1418 567 1438 586 »
1464 561 1583 608 aquo
1604 560 1733 607 opere

350 623 551 671 saturitas
570 620 710 666 carnis
737 619 873 664 aliena
895 628 956 663 est
982 635 991 662 z
1015 617 1095 662 nisi
1112 615 1226 661 forte
1249 626 1291 660 et
1312 615 1449 678 ipsam
1487 613 1734 659 saturandae

351 693 494 739 carnis
516 708 687 745 curam,
714 705 815 754 quae
842 688 1024 734 maxime
1048 686 1367 731 observantiam
1385 684 1601 744 religionis
1624 699 1735 747 prae-

351 762 634 810 tendentibus
655 760 867 824 probrosa
891 769 974 815 est,
1003 775 1089 803 non
1110 774 1290 820 parcere
1319 755 1491 818 corpori
1517 754 1640 810 dixit,
1667 769 1735 798 se·-

348 832 544 880 cundum
567 831 676 877 illud
699 828 936 875 honestatis
960 838 1234 891 praeceptum
1256 863 1267 882 ,
1296 826 1417 889 quod
1443 825 1544 870 alibi
1569 824 1677 869 dicit
1696 823 1732 878 2,

349 915 399 950 ut
425 903 722 964 unusquisque
746 918 869 946 suum
896 917 969 945 vas
988 898 1226 944 honorilice
1246 896 1463 960 possidere
1482 895 1664 948 noverit,
1690 904 1737 938 ut

350 974 539 1021 hostiam
578 972 741 1026 vivam,
770 972 1015 1033 placentem
1055 970 1145 1014 Dco
1170 985 1295 1013 suum
1318 984 1481 1030 corpus
1511 966 1736 1017 exhibeam

348 1062 436 1091 non
454 1045 498 1089 in
523 1043 791 1089 saturitatem
813 1041 972 1095 carnis,
1001 1039 1104 1103 quia
1124 1038 1329 1084 distensio
1361 1036 1558 1101 corporis
1582 1035 1741 1081 animae

347 1115 626 1163 sobrietatem
646 1122 772 1159 necat
796 1122 839 1157 et
858 1110 1036 1156 inimica
1054 1121 1116 1155 est
1139 1109 1345 1155 castitati.

703 1232 995 1272 QUAESTIONES
1032 1231 1088 1261 DE
1124 1229 1394 1262 EVANGELIO.

416 1323 535 1371 XIV.
572 1343 594 1365 «
612 1323 787 1367 RESTAT
817 1330 865 1365 ut
905 1318 1072 1381 aliquid
1092 1328 1133 1363 et
1159 1317 1212 1363 de
1239 1317 1627 1377 Evangelicislocis
1648 1334 1744 1376 sug-

352 1412 495 1456 geram
522 1390 788 1438 beatitudini
817 1401 902 1435 tuae
929 1407 939 1434 :
978 1406 1065 1434 non
1088 1387 1266 1451 quidem
1302 1399 1466 1451 quanta
1488 1388 1645 1447 legenti
1667 1406 1745 1451 per

351 1466 490 1512 otium
514 1479 742 1510 occurrere
763 1460 899 1506 solent
936 1460 1042 1521 (nec
1062 1459 1176 1503 enim
1201 1475 1319 1503 nunc
1347 1458 1522 1503 vacabit
1551 1457 1744 1521 dispersa

353 1553 432 1601 per
456 1535 592 1580 libros
619 1548 784 1596 quaere,
809 1530 942 1576 autin
969 1528 1296 1574 reminiscendis
1319 1529 1575 1573 memoriam
1601 1529 1745 1574 venti-

354 1604 571 1667 lare)sed
595 1603 662 1649 vel
682 1618 844 1665 pauca,
873 1616 974 1662 quoe
1002 1599 1057 1644 ad
1084 1598 1239 1643 horam
1259 1598 1511 1644 dictationis
1536 1599 1670 1658 hujus
1700 1598 1744 1643 in

353 1686 544 1723 mentem
569 1672 769 1726 veniunt,
787 1669 1056 1715 sciscitabor.
1080 1670 1143 1713 De
1159 1668 1483 1713 resurrectionis
1499 1667 1640 1714 forma
1659 1685 1748 1713 non

360 1745 588 1807 grandem,
634 1742 706 1789 sed
737 1741 913 1804 plenam
942 1738 1044 1784 fidei
1068 1738 1354 1784 instructione
1382 1738 1635 1802 epistolam,
1661 1756 1750 1803 qua

360 1817 564 1865 secundae
606 1811 917 1860 consultationi
954 1827 1086 1865 meae,
1133 1809 1239 1854 dum
1282 1809 1539 1869 Carthagini
1564 1809 1750 1872 hyema-

363 1906 429 1936 res
457 1887 580 1950 (ῥίς),
614 1884 911 1947 rescripseras,
934 1882 967 1927 si
999 1881 1135 1926 habes
1157 1880 1336 1925 relatam
1358 1881 1401 1925 in
1429 1880 1618 1935 schedis,
1646 1897 1750 1940 rogo

365 1972 413 2006 ut
428 1960 590 2013 mittas,
611 1966 686 2002 aut
708 1965 822 2001 certe
839 1964 997 1999 retexas
1014 1969 1105 1997 eam
1123 1951 1250 2003 mihi,
1276 1950 1396 2013 quod
1417 1951 1497 1996 tibi
1519 1950 1644 1997 facile
1667 1962 1744 1996 est.

367 2032 481 2077 Nam
508 2039 549 2074 et
574 2027 608 2072 si
635 2025 802 2087 scripta
829 2041 918 2069 non
944 2032 1075 2076 extat,
1108 2022 1211 2084 quia
1234 2020 1345 2066 forte
1370 2021 1512 2066 brevis
1547 2021 1748 2084 epistola,

370 2113 419 2148 ut
437 2096 723 2145 tumultuaria
742 2095 820 2140 tibi
839 2095 950 2139 inter
973 2093 1108 2138 libros
1131 2102 1224 2136 tuos
1242 2090 1396 2136 haberi
1413 2103 1553 2154 spreta
1590 2093 1659 2147 sit,
1681 2109 1751 2137 re-

368 2189 478 2217 nova
504 2187 594 2215 cam
625 2166 732 2212 mihi
750 2165 899 2210 eodem
920 2180 1041 2208 sensu
1068 2172 1322 2225 promptam
1342 2162 1395 2207 de
1424 2162 1628 2208 thesauro
1651 2179 1754 2207 cor-

369 2243 436 2290 dis
464 2241 545 2289 tui.
573 2250 614 2284 et
636 2237 758 2283 mitte
777 2235 831 2281 ad
857 2251 923 2280 me
964 2234 1076 2278 inter
1109 2233 1189 2278 alia
1213 2250 1433 2295 responsa,
1473 2249 1575 2295 quae
1604 2233 1754 2278 reddes

369 2312 500 2362 inihi,
523 2322 570 2355 ut
590 2324 732 2372 spero„
768 2315 1001 2370 praestantc
1024 2303 1132 2349 mihi
1171 2320 1220 2348 ac
1240 2304 1322 2348 tibi
1343 2314 1634 2349 commeatum
1659 2303 1753 2349 die-

374 2399 470 2428 rum
495 2379 690 2433 (anisio,
709 2387 757 2422 ut
779 2393 845 2425 ea.
869 2391 957 2438 quo
982 2374 1109 2419 labor
1126 2384 1227 2419 tuus
1250 2373 1295 2418 in
1318 2390 1384 2418 me
1407 2373 1659 2427 fructificet,
1680 2391 1756 2419 ac-

375 2452 535 2514 cipiam
555 2470 564 2502 ς
583 2446 822 2494 secundum
839 2445 936 2490 haec
949 2443 1142 2506 capitula
1159 2443 1504 2506 Scripturarum5
1527 2443 1579 2488 de
1597 2445 1757 2506 quibus

375 2533 414 2567 te
431 2521 507 2585 qui
527 2519 644 2565 vides
672 2517 795 2581 quasi
823 2533 896 2578 per
917 2517 1056 2560 Deum
1081 2513 1360 2573 interrogavi,
1390 2523 1436 2559 ut
1460 2514 1634 2560 audiam
1649 2514 1756 2579 quid

375 2594 418 2637 in
442 2603 478 2636 te
498 2589 562 2636 vot
579 2607 622 2632 ex
644 2599 683 2632 te
708 2586 815 2632 mihi
835 2586 1040 2648 loquatur
1067 2588 1199 2630 Deus.

422 2677 767 2718 1t2‹1·.=x.·J†.——'²
793 2688 800 2706 ι
831 2676 932 2707 thess.
950 2686 990 2706 tv.
1011 2684 1040 2714 4,
1060 2681 1089 2707 et
1111 2678 1204 2707 Rom.
1223 2686 1280 2710 xvi,
1306 2688 1330 2706 1.
