1902 3268
359 303 442 351 ¹7⁶2
773 305 805 332 s.
853 302 1095 333 Arcusrim
1136 304 1336 334 izrlscorl

352 369 434 414 tari
457 369 503 414 in
528 368 680 414 melius
710 369 948 428 cogitarent
966 406 975 419 ,
1006 370 1086 414 nisi
1106 370 1191 416 hoc
1221 381 1376 416 terrore
1403 371 1619 434 perculsi,
1648 371 1736 416 sol-

346 439 511 485 licitam
529 450 715 484 mentem
742 438 795 483 ad
816 437 1205 485 considerationem
1226 441 1418 486 veritatis
1437 441 1732 497 intenderent,

351 526 404 555 ne
423 509 533 555 forte
554 509 587 553 si
608 525 693 553 non
716 524 796 570 pro
821 508 1017 567 justitia,
1042 509 1113 553 sed
1147 528 1228 572 pro
1256 512 1535 574 perversitate
1556 522 1597 557 et
1617 528 1737 575 prae-

352 579 604 642 sumptione
623 579 854 624 hominum
884 579 999 641 ipsas
1027 581 1283 642 temporales
1305 582 1545 638 molestias,
1568 583 1739 628 infruc-

353 661 476 696 tuosa
494 661 536 696 et
560 667 670 695 vana
704 649 928 695 tolerantia
961 660 1230 712 paterentur,
1268 653 1387 714 apud
1422 654 1559 698 Deum
1595 663 1742 716 postea

354 738 445 767 non
470 720 714 766 invenirent
749 720 829 765 nisi
860 719 1029 765 debitas
1062 737 1217 783 poenas
1240 722 1504 785 impiorum,
1541 723 1618 786 qui
1653 727 1744 782 ejus

354 801 444 836 tam
466 790 606 836 lenem
643 790 986 835 admonitionem
1007 828 1016 845 ,
1040 801 1081 836 et
1106 802 1287 853 paterna
1314 793 1482 852 flagella
1509 806 1744 857 contemp-

359 861 519 908 serint:
543 879 590 907 ac
610 861 670 906 sic
694 861 773 907 ista
796 861 1056 920 cogitatione
1076 861 1236 907 dociles
1256 861 1361 908 facti
1376 900 1385 911 ,
1409 880 1496 908 non
1516 863 1560 908 in
1580 864 1745 909 calum-

360 931 443 977 niis
469 949 491 976 e
524 930 685 977 fabulis
709 931 912 977 humanis
929 969 938 985 ,
980 931 1052 976 sed
1080 932 1123 977 in
1161 932 1318 978 divinis
1340 932 1464 978 libris
1485 934 1744 996 promissam

362 1019 442 1066 per
465 1019 612 1048 omnes
633 1013 778 1063 gentes
796 1003 1039 1049 invenirent
1062 1003 1299 1049 Ecclesmm
1316 1041 1326 1053 .
1354 1021 1485 1067 quam
1502 1004 1588 1050 suis
1610 1004 1747 1051 oculis

361 1072 484 1118 reddi
499 1074 820 1136 conspicerent,
839 1073 881 1118 in
899 1074 1059 1136 quibus
1073 1085 1113 1119 et
1135 1075 1358 1120 Christum
1379 1076 1741 1138 praennntiatum,

361 1143 488 1189 etiam
522 1161 611 1189 non
649 1144 789 1191 visum
824 1160 952 1206 super
981 1144 1114 1189 coelos
1148 1161 1234 1189 csse
1259 1145 1435 1190 minime
1469 1145 1739 1193 dubitarent.

362 1214 696 1278 Numquidnam
721 1231 798 1273 ego
823 1214 1002 1259 istorum
1030 1214 1157 1259 saluti
1195 1215 1389 1260 invidere
1421 1215 1635 1260 debebam
1653 1253 1663 1270 ‚
1700 1227 1748 1261 ut

364 1283 547 1344 collegas
560 1302 676 1330 meos
693 1286 748 1330 ab
764 1284 1020 1345 hujusmodi
1040 1296 1219 1347 paterna
1242 1285 1464 1345 diligentia
1481 1303 1744 1341 revocarem,

364 1371 444 1418 per
467 1372 599 1418 quam
621 1354 784 1401 factum
807 1366 893 1408 est,
917 1366 964 1401 ut
986 1355 1145 1401 multos
1162 1355 1386 1401 videamus
1407 1374 1608 1402 accusare
1626 1374 1749 1402 suam

362 1425 593 1489 pristinam
617 1426 887 1472 caecitatem'?
926 1426 1000 1488 qui
1039 1442 1137 1471 cum
1178 1444 1306 1489 super
1344 1426 1479 1472 coelos
1516 1427 1748 1472 exaltatum

364 1495 617 1552 Christum,
642 1496 771 1541 etiam
786 1513 873 1541 non
897 1496 1090 1541 videntes
1111 1497 1371 1555 credebant3
1397 1497 1577 1557 gloriam
1606 1509 1749 1544 tamen

365 1568 458 1625 ejus
475 1583 604 1629 super
622 1584 792 1612 omnem
811 1577 969 1612 terram
990 1603 999 1622 ,
1021 1567 1147 1612 etiam
1170 1567 1364 1612 videntes
1385 1569 1625 1627 negabant,
1647 1585 1749 1613 cum

365 1637 591 1700 Propheta
614 1649 851 1701 utrumque
884 1655 969 1683 una
1004 1638 1216 1683 sententia
1255 1649 1373 1684 tanta
1406 1639 1749 1685 manifestatione

366 1708 617 1771 complexus
639 1710 714 1764 sit,
745 1709 893 1755 dicens
917 1726 927 1753 ε
962 1730 980 1749 «
1008 1709 1205 1755 Exaltare
1230 1726 1360 1773 super
1382 1709 1515 1755 coelos
1542 1711 1655 1756 Deus
1673 1748 1682 1760 ,
1710 1721 1750 1755 et

372 1799 394 1820 2>
419 1795 550 1842 super
570 1796 741 1825 omnem
769 1790 925 1826 terram
951 1779 1086 1839 gloria
1114 1779 1228 1826 tual.
1257 1802 1275 1821 >³

433 1850 492 1896 ll.
526 1850 636 1895 Istos
663 1867 762 1910 ergo
789 1861 954 1895 atroces
979 1850 1200 1913 quondam
1227 1851 1427 1896 inimicos
1458 1861 1647 1905 nostros,
1675 1869 1750 1914 pa-

367 1937 461 1966 cem
483 1932 524 1966 et
542 1921 729 1984 quietem
755 1933 947 1966 nostram
968 1922 1097 1967 variis
1114 1922 1421 1967 violentiarum
1440 1933 1480 1967 et
1495 1921 1748 1967 insidiarum

369 1991 599 2051 generibus
623 1992 811 2052 graviter
840 1993 1114 2048 infestantes,
1150 1993 1183 2038 si
1216 1993 1276 2038 sic
1307 2004 1678 2038 contemneremus
1711 2005 1751 2037 et

371 2060 652 2107 toleraremus
668 2099 678 2118 ,
706 2073 754 2107 ut
777 2062 1112 2118 nihilomnino,
1139 2063 1257 2126 quod
1285 2062 1338 2108 ad
1367 2081 1437 2109 eos
1462 2063 1682 2109 terrendos
1703 2081 1750 2109 ae

369 2132 648 2192 corrigendos
668 2132 808 2179 valere
832 2144 973 2197 posset
989 2171 999 2189 ‚
1023 2135 1337 2193 excogitaretur
1355 2147 1395 2180 et
1416 2145 1610 2195 ageretur
1629 2152 1649 2180 a
1667 2152 1751 2180 no-

368 2202 436 2248 bis
451 2240 462 2259 ,
483 2220 582 2249 vere
598 2203 759 2249 malum
774 2221 854 2268 pro
870 2204 983 2250 malo
1001 2204 1292 2251 redderemus,
1318 2206 1363 2250 Si
1386 2207 1499 2251 enim
1518 2206 1750 2269 quisquam

368 2272 596 2319 inimicum
634 2291 759 2320 suum
794 2275 1048 2338 periculosis
1086 2274 1284 2321 febribus
1312 2276 1620 2339 phreneticum
1656 2275 1751 2321 fac-

373 2353 465 2388 tum
484 2380 494 2399 ,
516 2360 688 2390 currere
712 2344 877 2391 rideret
895 2345 937 2390 in
958 2362 1177 2408 praecem,
1206 2362 1348 2391 nonne
1370 2357 1473 2392 tunc
1493 2347 1634 2409 potius
1655 2363 1751 2390 nia-

371 2413 463 2459 lum
493 2432 572 2477 pro
599 2416 713 2461 malo
738 2415 964 2462 redderet.
989 2418 1022 2461 si
1057 2434 1152 2470 enm
1176 2417 1234 2462 sic
1256 2434 1428 2462 currere
1452 2418 1747 2480 permitteret,

371 2501 502 2547 quam
529 2486 561 2530 si
583 2487 909 2550 corripiendum
942 2487 1253 2552 ligandumque
1293 2491 1492 2534 curaret?
1528 2489 1582 2532 Et
1610 2498 1749 2534 tamen

369 2565 476 2600 tunc
494 2555 532 2600 ei
551 2555 872 2603 molestissimus
885 2595 894 2613 ‚
916 2569 956 2604 et
975 2558 1296 2605 adversissimus
1316 2558 1551 2615 videretur,
1573 2558 1751 2621 quando

421 2637 430 2659 ¹
453 2639 534 2670 Psal.
559 2641 681 2677 cv11‚6.
