1902 3268
360 299 451 343 216
765 314 797 342 s.
844 311 1086 343 AnGuant
1125 312 1325 344 triscort

357 374 476 422 hanc
499 375 777 441 sapientiam.
805 393 906 440 quae
933 377 1034 423 data
1065 389 1126 424 est
1152 379 1233 425 tibi
1270 379 1470 444 desuper,
1501 397 1630 445 quam
1664 379 1741 428 hic

354 446 546 494 mundus
571 465 656 493 uon
687 448 835 510 capit,
864 458 905 492 et
932 465 1063 511 quam
1091 467 1216 494 nemo
1247 452 1389 513 sapit,
1424 452 1505 498 nisi
1531 452 1741 515 sapientia

359 519 439 564 Dei
463 518 655 581 sapiens,
681 528 723 563 ct
744 517 823 562 Dei
845 518 980 562 verbo
1005 518 1239 581 eloquens?
1268 522 1421 582 ltaque
1446 523 1546 584 quia
1571 524 1742 585 experi-

350 598 545 633 mentum
570 588 713 633 habeo
735 588 899 633 Christi
925 588 968 633 in
995 599 1035 634 te
1061 589 1278 652 loquentis
1297 626 1309 642 ,
1344 591 1386 635 in
1427 592 1515 636 Deo
1545 591 1742 637 laudabo

355 674 570 703 sermones
595 668 692 703 tuos
710 695 719 704 .
757 668 800 702 et
835 675 920 704 non
950 659 1111 705 timebo
1140 678 1161 704 a
1197 660 1350 705 timore
1370 672 1600 708 nocturno.
1627 662 1743 717 Quia

361 727 547 773 docuisti
570 744 636 773 me
662 728 705 773 in
728 730 885 791 spiritu
907 730 1100 775 veritatis
1125 730 1298 776 salubre
1322 730 1577 777 moderandi
1598 732 1641 777 in
1663 749 1739 777 oc-

361 799 502 845 ciduis
514 799 772 845 mortalibus
787 801 918 846 animi
935 812 1344 864 temperamentum,
1356 819 1443 866 quo
1458 802 1626 847 etillam
1638 803 1745 848 bea-

352 880 442 915 tam
464 880 647 915 matrem
666 880 708 915 et
730 871 871 916 aviam
892 871 1123 918 Melaniam
1145 873 1310 919 flevisse
1334 873 1550 918 carnalem
1572 872 1745 919 obitum

354 940 474 986 unici
494 940 621 996 filii&
647 941 871 988 taciturno
907 944 1084 1007 quidem
1113 943 1261 999 luctu,
1300 961 1385 990 non
1409 954 1550 989 tamen
1584 942 1700 988 sicco
1723 961 1747 990 a

364 1012 570 1056 maternis
591 1011 797 1075 lacrymis
816 1012 969 1059 dolore
990 1014 1150 1061 vidisti.
1176 1015 1314 1075 Cujus
1333 1014 1510 1078 quidem
1534 1013 1748 1060 modestas

368 1091 410 1127 et
443 1097 590 1141 graves
624 1082 840 1144 lacrymas
860 1120 870 1135 ,
905 1085 1018 1130 sicut
1044 1085 1226 1147 propior
1251 1084 1317 1129 vel
1353 1084 1564 1148 zrqualior
1591 1084 1749 1130 animae

356 1154 449 1210 ejus
466 1149 644 1214 spiritus
672 1151 799 1197 altius
816 1153 1059 1199 intellexisti
1078 1190 1088 1205 ,
1112 1164 1154 1199 et
1175 1154 1379 1217 perfectae
1398 1155 1443 1199 in
1465 1155 1643 1199 Christo
1659 1153 1748 1199 foe·-

353 1220 488 1266 minae
507 1257 518 1275 ,
547 1220 665 1267 salva
684 1221 821 1268 virilis
846 1224 978 1269 animi
1003 1223 1261 1270 fortitudine
1279 1261 1289 1279 ‚
1325 1241 1401 1270 cor
1421 1233 1669 1269 maternum
1696 1223 1750 1270 de

357 1290 501 1337 cordis
517 1291 584 1336 tui
603 1292 890 1340 similitudine
907 1294 1059 1340 melius
1076 1312 1122 1340 ex
1140 1312 1268 1358 {equo
1293 1305 1408 1355 statu
1427 1293 1749 1358 contemplatus

357 1377 426 1415 es,
467 1370 516 1406 ut
548 1377 645 1407 eam
671 1362 865 1426 primum
894 1381 975 1427 pro
1007 1365 1195 1410 naturali
1222 1365 1449 1410 affectione
1473 1375 1745 1428 permotam,

361 1431 518 1478 deinde
548 1449 677 1478 causa
709 1434 880 1496 potiore
904 1447 1217 1499 compunctam
1250 1437 1413 1482 flevisse
1445 1436 1710 1499 perspiceres
1734 1472 1745 1491 ,

363 1520 452 1549 non
469 1513 554 1548 tam
574 1502 684 1549 illud
703 1504 948 1551 humanum
966 1543 975 1561 ,
999 1506 1119 1569 quod
1141 1507 1318 1552 unicum
1337 1506 1476 1551 silium
1498 1505 1750 1552 conditione

363 1574 537 1620 mortali
569 1573 825 1621 defunctum
854 1576 897 1621 in
923 1578 1129 1640 praesenti
1159 1577 1322 1623 saeculo
1351 1577 1590 1630 amisisset3
1614 1594 1749 1641 quam

365 1643 483 1707 quod
503 1645 822 1707 propemodum
843 1646 886 1691 in
905 1646 1103 1692 saeculari
1124 1648 1312 1693 vanitate
1327 1658 1601 1710 praeventum
1625 1647 1751 1710 (quia

362 1714 552 1761 necdum
586 1715 711 1761 illum
743 1715 987 1762 deseruerat
1024 1719 1251 1764 senatoriae
1287 1717 1511 1778 dignitatis
1545 1717 1748 1779 ambitio)

365 1802 454 1832 non
478 1789 601 1846 juxta
623 1797 815 1833 sanctam
845 1799 1048 1834 votorum
1084 1806 1261 1834 suorum
1288 1789 1513 1833 avaritiam
1541 1788 1751 1848 cogitaret

366 1870 637 1921 assumptum
654 1894 665 1913 ‚
693 1869 742 1903 ut
765 1858 818 1904 de
842 1859 1133 1906 conversionis
1170 1859 1304 1919 gloria
1332 1860 1550 1904 transisset
1576 1859 1630 1904 ad
1654 1858 1750 1918 glo-

365 1928 474 1974 riam
502 1929 849 1986 resurrectionis,
891 1947 1171 1976 communem
1211 1947 1312 1976 cum
1346 1940 1483 1975 matre
1521 1929 1714 1993 requiem
1735 1966 1747 1986 ‚

368 2016 662 2062 coronamque
698 2009 940 2063 capturus,
980 2002 1013 2046 si
1046 2001 1092 2046 in
1126 2000 1260 2060 hujus
1289 1999 1438 2046 saeculi
1471 2001 1559 2046 vita
1600 2002 1752 2045 matris

369 2069 566 2133 exemplo
592 2087 766 2117 saccum
793 2081 930 2131 togae,
957 2082 999 2117 et
1020 2071 1332 2117 monasterium
1365 2070 1542 2116 Senatui
1579 2080 1751 2133 praetu-

367 2140 498 2186 lisset.
525 2160 545 2181 »

434 2211 518 2256 ΙΙΙ.
549 2209 854 2256 Verumtamen
884 2210 997 2257 idem
1029 2212 1113 2260 vir.
1149 2222 1198 2257 ut
1232 2222 1272 2257 et
1306 2222 1428 2257 antea
1460 2209 1655 2256 retulisse
1684 2227 1752 2256 me

367 2292 479 2346 puto
503 2282 723 2327 sanctitati
745 2292 830 2328 tuae
852 2282 1136 2346 hisoperibus
1158 2283 1445 2346 locupletatus
1464 2282 1687 2335 abscessit,
1705 2292 1753 2327 ut

375 2363 585 2399 maternae
603 2352 863 2399 humilitatis
877 2353 1149 2399 nobilitatem
1171 2354 1205 2399 si
1224 2364 1337 2399 veste
1359 2370 1444 2398 non
1470 2351 1663 2412 gesserit,
1692 2362 1752 2397 ta-

368 2440 469 2470 men
491 2433 635 2469 mente
655 2424 912 2487 praetulerit.
943 2425 1009 2472 lta
1037 2425 1150 2470 enim
1171 2423 1412 2470 secundum
1443 2424 1626 2469 verbum
1655 2423 1752 2468 Do·-

369 2493 479 2540 mini
501 2494 615 2540 mitis
637 2496 833 2541 moribus
854 2495 938 2541 fuit
960 2506 1002 2541 ct
1024 2495 1205 2542 humilis
1222 2494 1402 2551 corde-⁵³,
1426 2504 1575 2539 utnon
1593 2494 1752 2539 imme-

368 2564 453 2617 rito
469 2564 672 2611 credatur
687 2565 882 2613 introisse
898 2566 943 2613 in
960 2567 1152 2631 requiem
1173 2565 1393 2611 Domini.«
1410 2564 1631 2622 Quoniam
1650 2573 1752 2610 sunt

427 2647 436 2669 ¹
457 2642 640 2681 Publicolae.
658 2665 705 2674 a-
722 2646 738 2671 2
758 2648 876 2682 Matth.
896 2660 941 2685 χι.
957 2661 1014 2690 29.
