1902 3268
678 287 890 319 EPISTOLA
924 287 1004 319 cu.
1430 279 1520 342 275

148 363 240 405 est.
271 352 385 398 hanc
414 350 664 412 dignaberis
705 350 909 414 pandere.
954 350 1121 397 Deinde
1154 352 1259 415 quid
1282 352 1364 398 sibi
1388 355 1517 402 etiam

146 421 255 468 illud
280 421 389 477 vult,
407 438 536 486 supra
560 422 820 473 evomitum,
852 424 1005 467 ¹‘louam
1029 423 1306 468 cucurbitam
1340 434 1482 470 natam
1504 446 1515 479 3

146 491 253 556 quid
275 508 416 538 causae
435 491 542 546 fuit,
570 490 728 537 uthaec
754 502 1000 537 nasceretur
1018 491 1069 536 19
1088 515 1102 532 »
1130 493 1225 539 Iloc
1244 493 1360 539 enim
1385 511 1517 554 genus

142 562 422 626 quaestionis,
459 560 597 607 multo
628 561 846 607 cachinno
871 580 894 607 a
927 561 1106 626 paganis
1139 563 1325 624 graviter
1345 564 1519 611 irrisum

143 631 446 679 animadverti.
782 676 788 682 ,

204 702 370 748 XXXI.
398 701 464 748 Ad
488 703 573 748 hoc
595 701 904 765 respondetur,
937 700 1057 765 quod
1082 712 1156 747 aut
1189 703 1334 749 omnia
1360 703 1511 752 divina

140 771 352 819 miracula
383 770 598 818 credenda
628 789 715 817 nou
733 771 818 820 siut
842 789 852 817 ε
880 782 955 816 aut
976 771 1062 816 hoc
1079 788 1158 817 cur
1177 789 1266 817 non
1290 773 1513 830 credatur,

139 858 267 888 causa
285 841 402 888 nulla
416 843 483 889 sit.
511 844 561 887 ln
579 842 722 904 ipsum
744 853 885 888 autem
899 842 1143 898 Christum,
1166 842 1285 907 quod
1308 845 1432 890 tertio
1449 843 1519 890 die

138 914 431 968 resurrexerit,
460 930 545 958 non
568 911 856 968 crederemus,
877 913 910 958 si
930 912 1035 959 sides
1065 913 1413 961 Christianorum
1450 933 1518 962 ca-

137 983 351 1030 chinnum
371 994 876 1045 metueretpaganorum.
899 985 1012 1028 Cum
1034 995 1175 1029 autem
1194 984 1300 1031 hinc
1317 987 1518 1049 quaestio·

135 1071 232 1102 nem
259 1072 347 1101 non
371 1054 649 1119 proposuerit
683 1054 850 1100 amicus
869 1064 1036 1111 noster,
1062 1055 1219 1100 Utrum
1242 1057 1510 1104 credendum

134 1125 213 1178 sit,
236 1126 301 1172 vel
334 1127 542 1171 Lazarum
565 1125 866 1171 resuscitatum
890 1142 975 1170 esse
989 1136 1143 1188 quarto
1164 1126 1260 1184 die,
1283 1129 1348 1174 vel
1374 1129 1520 1192 ipsum

135 1196 359 1242 Christum
375 1197 499 1242 tertio
521 1195 591 1241 die
605 1196 879 1241 resurrexisse
898 1213 907 1240 z
928 1196 1114 1241 multum
1138 1198 1272 1244 miror
1291 1198 1376 1245 hoc
1388 1199 1510 1263 quod

131 1266 299 1314 factum
323 1279 386 1314 est
404 1267 458 1314 de
478 1271 613 1321 Jona,
649 1283 748 1312 eum
774 1284 854 1330 pro
890 1267 1141 1313 incredibili
1161 1270 1377 1332 posuisse,
1422 1271 1502 1317 nisi

131 1336 242 1384 forte
282 1337 450 1384 facilius
490 1348 620 1401 putat
652 1348 876 1382 mortuum
912 1336 967 1382 de
1006 1337 1204 1400 sepulcro
1235 1340 1498 1398 resuscitari,

129 1425 263 1472 quam
287 1409 433 1455 vivum
456 1408 502 1453 in
523 1418 609 1453 tam
625 1417 744 1452 vasto
769 1417 913 1453 ventre
936 1407 1096 1453 helluae
1117 1408 1304 1471 potuisse
1327 1412 1500 1459 servari.

132 1478 190 1525 Ut
207 1479 320 1526 enim
344 1480 541 1526 omittam
563 1495 921 1534 commemorare,
947 1489 1112 1541 quanta
1135 1480 1390 1539 magnitudo
1409 1480 1509 1528 bel-

128 1549 300 1596 luarum
338 1550 605 1596 marinarum
631 1549 687 1594 ab
714 1549 789 1605 eis,
818 1550 892 1612 qui
920 1549 1081 1613 experti
1104 1561 1226 1605 sunt,
1255 1551 1507 1607 indicetur3

129 1632 278 1668 venter
301 1639 429 1685 quem
451 1631 584 1666 costae
614 1620 700 1666 illae
725 1621 999 1675 muniebant,
1032 1637 1132 1683 quae
1166 1621 1432 1683 Carthagine
1461 1625 1507 1671 in

127 1691 311 1755 publico
330 1692 424 1737 fixae
441 1690 610 1754 populo
634 1701 749 1735 notae
782 1701 897 1746 sunt,
925 1700 1033 1754 quot
1054 1690 1254 1737 homines
1293 1692 1338 1738 in
1365 1696 1506 1758 spatio

126 1778 205 1807 suo
235 1779 387 1825 capere
405 1772 566 1825 posset,
589 1760 686 1824 quis
706 1778 793 1806 non
815 1761 1022 1820 conjiciat
1041 1772 1207 1825 quanto
1231 1761 1356 1808 hiatu
1375 1775 1506 1828 pate-

124 1831 205 1878 bat
223 1849 269 1878 os
289 1832 415 1887 illud,
442 1830 564 1895 quod
580 1830 849 1890 velutjanua
879 1830 1101 1893 speluncae
1119 1830 1234 1877 illius
1267 1830 1377 1879 suit?
1407 1834 1502 1880 Nisi

87 1939 93 1942 .
121 1900 247 1959 forte,
267 1913 314 1948 ut
337 1902 498 1966 posuit,
525 1900 652 1947 vestis
675 1911 782 1946 esset
800 1900 1132 1965 impedimento,
1170 1918 1225 1948 ne
1265 1901 1398 1949 Jonas
1416 1921 1497 1962 vo-

122 1973 209 2018 rari
234 1984 376 2036 posset
397 1971 582 2027 illaesus,
608 1972 732 2034 quasi
766 1989 844 2034 per
875 1981 1054 2031 angusta
1078 1988 1165 2017 sese
1189 1975 1490 2031 coarctaverit,

122 2042 199 2104 qui
235 2060 312 2106 per
332 2042 576 2104 abruptum
613 2040 724 2086 aeris
752 2041 1069 2104 praecipitatus,
1099 2041 1158 2087 sic
1186 2054 1388 2106 exceptus
1411 2057 1490 2102 est,

122 2112 244 2174 prius
266 2113 531 2174 reciperetur
553 2120 701 2155 ventre
718 2111 883 2160 bestiae.
910 2128 1040 2174 quam
1065 2111 1191 2157 dente
1212 2110 1486 2163 laceraretur.

123 2181 387 2245 Quanquam
408 2182 634 2244 Scriptura
658 2198 795 2244 neque
814 2182 981 2227 nudum
1002 2199 1140 2245 neque
1154 2182 1352 2229 vestitum
1367 2186 1409 2230 in
1434 2186 1491 2231 il·-

118 2250 196 2298 iud
220 2263 394 2298 antrum
413 2251 627 2311 dejectum
646 2268 732 2296 esse
751 2251 928 2309 dixerit,
958 2262 1006 2297 ut
1027 2253 1164 2315 possit
1183 2252 1362 2313 intelligi
1385 2255 1491 2302 illuc

118 2322 249 2368 etiam
274 2321 415 2367 nudus
431 2322 620 2376 irruisse,
643 2322 676 2366 si
701 2321 810 2367 forte
824 2339 932 2386 opus
946 2333 1054 2376 erat,
1079 2331 1285 2385 tanquam
1309 2341 1392 2370 ovo
1412 2344 1492 2373 co-

119 2392 250 2446 rium,
274 2393 333 2438 ita
349 2392 410 2437 illi
425 2402 581 2438 vestem
609 2391 800 2447 detrahi,
825 2409 912 2456 quo
936 2392 1104 2437 facilius
1123 2393 1383 2442 sorberetur.
1417 2397 1489 2444 Sic

116 2462 232 2507 enim
269 2472 371 2507 sunt
407 2461 603 2507 homines
631 2461 684 2507 de
718 2463 958 2526 Prophetae
998 2462 1130 2522 hujus
1151 2474 1263 2509 veste
1286 2465 1487 2524 solliciti,

115 2532 239 2596 quasi
264 2542 338 2578 aut
353 2549 430 2596 per
445 2531 673 2577 fenestram
710 2548 893 2595 parvam
923 2533 1118 2595 repsisse,
1147 2545 1222 2580 aut
1245 2535 1293 2582 in
1315 2535 1491 2585 balneas

161 2615 176 2638 ¹
193 2617 301 2651 Jonae.
325 2627 366 2652 τι.
388 2620 525 2655 netur,
546 2616 580 2649 6,

1292 2675 1359 2720 13.
