1902 3268
640 329 853 363 ems-rom
889 330 1022 364 cxxv.
1435 324 1520 381 431

157 497 580 511 mmmssswsssssm
589 500 642 509 mss
652 500 762 510 „xz-s·
776 501 826 510 xv-
836 501 1017 512 ωιιιςιπ
1026 502 1457 517 ‹snuxsnmuzs-§ssn
1468 506 1520 518 Μ

585 627 850 672 EPISTOLA
882 629 1040 674 CXXV
1058 630 1069 652 ¹
1082 663 1091 673 .

152 751 327 794 Domino
346 752 574 792 beatissimo
594 762 633 792 et
650 753 936 794 venerabiliter
956 753 1187 794 charissimo
1206 755 1321 795 fratri
1340 765 1378 796 et
1397 771 1531 798 consa-

204 813 355 854 cerdoti
381 815 524 854 Ammo
553 822 593 854 et
619 816 690 866 qui
722 823 854 853 tecum
882 823 976 854 sunt
994 815 1209 867 fratribus,
1232 819 1473 859 Anccsmns
1490 830 1528 860 et

203 877 275 928 qui
294 889 454 916 mecum
473 885 566 916 sunt
585 875 727 915 fratres
746 877 785 914 in
804 875 980 916 Domino
999 876 1182 916 salutem.

156 1021 269 1064 Cum
304 1020 559 1077 Hipponem
599 1019 658 1062 ad
688 1019 968 1061 invisendum
1001 1022 1305 1074 Augustinum
1341 1025 1529 1067 venisset

208 1088 451 1138 Pinianus,
481 1087 631 1143 ibique
662 1089 729 1128 rei
757 1103 893 1129 saorae
926 1088 1170 1144 interesset,
1203 1091 1342 1133 subito
1375 1092 1529 1149 populi

209 1156 400 1198 tumultu
421 1156 480 1199 ad
499 1155 817 1214 presbyterium
840 1160 1078 1210 postulatus
1107 1157 1218 1214 fuit,
1245 1174 1320 1200 nee
1346 1161 1529 1202 evadere

204 1224 444 1279 permissus
462 1223 598 1266 donee
603 1226 631 1280 j
638 1233 802 1265 urassec
819 1238 909 1264 non
924 1238 966 1265 se
983 1224 1182 1282 Hippone
1205 1227 1496 1271 discessurum
1508 1262 1519 1277 ,

208 1300 339 1347 atque
359 1293 399 1334 si
414 1293 592 1348 quando
619 1291 690 1333 ill'i
720 1291 778 1332 acl
802 1291 1129 1348 suscipiendum
1155 1294 1409 1336 clericatum
1431 1311 1531 1337 eon-

207 1361 633 1416 sentireplaeuisset‚
657 1359 839 1401 nonnisi
864 1360 914 1399 in
938 1360 1033 1416 ipsa
1055 1360 1103 1403 H
1108 1361 1335 1418 ipponensi
1354 1364 1530 1406 eeclesia

208 1438 512 1485 suscepturum
537 1428 615 1470 hoo
638 1441 812 1469 munus.
845 1426 1082 1481 Conquesti
1107 1439 1211 1470 sunt
1233 1430 1404 1471 Albina
1423 1430 1532 1487 silii-

209 1508 291 1550 que
315 1495 454 1552 ipsius
481 1496 621 1551 (puta
652 1494 874 1536 Pinianus
905 1503 945 1534 et
973 1493 1196 1552 Melania)
1227 1496 1531 1554 Hipponenses

129 1561 135 1565 ’
204 1562 406 1618 peeunioe
431 1563 674 1620 cupiditate
689 1594 700 1611 ‚
720 1563 875 1604 virum
888 1561 1175 1618 praedivitem
1188 1563 1419 1606 vindicare
1445 1565 1532 1607 sibi

207 1634 404 1688 sategisse
416 1662 427 1680 ,
451 1630 703 1686 nulliusque
721 1630 891 1688 vigoris
906 1644 991 1671 esse
1008 1630 1209 1671 volebant
1217 1633 1532 1686 juramentum

206 1697 257 1737 vi
288 1707 491 1752 metuque
522 1706 760 1740 extortum.
795 1698 944 1748 Quam
972 1696 1023 1738 ob
1051 1712 1231 1739 eausam
1259 1699 1533 1756 Augustinus

160 1808 163 1811 ,
209 1763 269 1806 ad
290 1765 505 1823 Alypium
520 1764 674 1807 scribit
691 1763 907 1819 quomodo
935 1763 1255 1820 suspicionibus
1279 1775 1319 1806 et
1346 1767 1531 1821 querelis

209 1832 305 1875 istis
328 1834 385 1876 sit
416 1831 760 1885 occurrendum,
795 1846 937 1885 quave
967 1832 1181 1889 religione
1217 1834 1532 1877 eoesolvendum

197 1900 516 1955 juramentum
530 1900 690 1943 datum
710 1915 737 1941 a
758 1899 967 1942 Piniano.

217 2049 254 2096 Ι.
283 2049 501 2097 Doumns
525 2047 705 2112 quidem
725 2046 929 2108 graviter,
951 2062 1032 2092 nec
1050 2045 1142 2092 fieri
1170 2056 1315 2109 potest
1338 2058 1386 2093 ut
1402 2050 1532 2112 parvi

151 2119 395 2184 pendamus
415 2139 427 2174 3
446 2118 568 2184 quod
585 2119 632 2165 in
649 2118 828 2178 injurias
844 2116 1086 2164 sanctitatis
1099 2127 1188 2163 tuae
1205 2118 1397 2181 populus
1418 2120 1532 2183 Hip-

151 2190 357 2254 ponensis
392 2200 511 2236 tanta
545 2189 750 2235 clamavit
780 2206 791 2233 :
828 2187 898 2234 sed
924 2187 1064 2233 multo
1093 2188 1266 2246 gravius
1290 2187 1532 2236 dolendum

152 2272 243 2318 est,
283 2260 415 2307 frater
447 2261 587 2316 bone,
625 2259 727 2305 talia
753 2259 807 2305 dc
838 2258 965 2304 nobis
1000 2257 1262 2314 existimari,
1298 2275 1433 2322 quam
1454 2260 1531 2307 illa

153 2331 346 2378 clamari.
387 2330 577 2388 Quando
608 2330 724 2375 euim
755 2346 834 2374 nos
863 2327 1083 2374 credimur
1116 2327 1359 2390 cupiditate
1390 2345 1533 2392 pecu·-

153 2402 262 2461 niae,
296 2418 387 2448 non
423 2400 654 2447 dilectione
684 2398 868 2459 justitiae
904 2414 1047 2445 servos
1078 2396 1158 2443 Dei
1189 2397 1295 2444 velle
1317 2398 1528 2456 retinere,

154 2487 299 2519 nonne
321 2470 568 2536 optandum
587 2480 676 2527 est,
703 2480 751 2516 ut
768 2469 845 2533 qui
862 2469 947 2515 hoc
965 2467 1172 2525 credunt,
1194 2468 1416 2516 occultum
1437 2486 1533 2516 cor-

202 2580 213 2604 ¹
232 2578 321 2613 Alias
338 2589 469 2612 ccxxw.
492 2590 563 2622 quae
590 2584 696 2611 autem
723 2579 784 2609 125
806 2582 891 2614 erat,
917 2587 1003 2609 nunc
1023 2578 1102 2618 259.
1125 2593 1169 2601 —
1198 2575 1322 2621 Scripta
1348 2578 1445 2622 paulo
1461 2585 1534 2622 post

155 2632 363 2676 superiorem.
1542 2627 1547 2632 '
