1902 3268
348 271 434 317 108
750 289 783 319 s,
828 287 1070 320 Auensrnvl
1106 290 1308 321 EPISCOPI

339 351 457 398 simis
479 353 659 410 nostris,
685 370 763 416 per
780 369 888 416 quos
909 371 1026 399 nune
1042 354 1141 400 haec
1169 356 1330 418 scripta
1352 356 1468 413 misi,
1490 355 1711 420 quomodo

341 421 527 468 volueris
556 422 637 468 tibi
673 422 778 468 fides
802 423 875 467 fiet
891 460 902 478 ‚
931 422 1043 468 illud
1069 441 1136 468 me
1159 435 1256 469 ante
1275 425 1456 471 dictasse
1482 443 1492 470 :
1518 425 1713 488 mihique

339 489 394 536 de
418 491 562 537 animo
577 508 671 537 meo
686 491 812 537 crede
827 528 838 547 ‚
866 491 985 554 quod
1007 509 1150 537 eoram
1170 494 1261 539 'Deo
1276 493 1454 557 loquens
1468 499 1590 554 ,jure
1610 495 1714 540 cha-

301 557 306 562 ’
338 561 477 608 ritatis
503 578 709 625 exposco,
730 579 954 625 nunquam
976 563 1083 608 mihi
1105 563 1241 609 visum
1265 564 1392 610 fuisse
1407 602 1418 621 ,
1446 566 1575 610 etiam
1595 582 1713 610 nunc

339 631 611 678 Christianos
631 650 678 678 ex
701 633 725 677 J
733 633 867 679 udaeis
884 632 1046 690 factos,
1069 645 1333 680 sacramenta
1353 635 1426 681 illa
1438 645 1579 682 vetera
1599 653 1714 699 quo-

337 701 446 748 libet
470 704 647 760 affectu,
687 705 886 768 quolibet
920 705 1063 750 animo
1096 704 1314 750 celebrare
1344 706 1529 762 debere,
1560 716 1635 752 aut
1657 707 1715 752 eis

337 772 428 818 ullo
448 773 580 820 modo
604 774 759 828 licere3
787 791 887 820 cum
915 774 1025 820 illud
1055 773 1108 820 de
1143 775 1281 820 Paulo
1302 792 1469 839 semper
1497 777 1557 822 ita
1580 793 1714 822 sense-

337 843 444 901 rim,
471 861 518 889 ex
542 861 629 907 quo
666 844 782 891 illius
813 844 922 890 mihi
948 845 1123 891 Litterae
1152 845 1437 891 innotuerunt
1461 863 1471 891 :
1499 846 1611 891 sieut
1635 863 1715 891 nec

337 913 419 959 tibi
439 914 628 971 videtur,
652 915 739 961 hoc
765 926 958 978 tempore
988 917 1192 978 cuiquam
1216 932 1300 961 esse
1332 916 1577 962 simulanda
1600 915 1679 962 ista
1701 952 1711 971 ‚

338 1000 439 1030 cum
463 985 550 1032 hoe
566 985 713 1031 fecisse
735 985 965 1050 Apostolos
988 986 1152 1032 credas.

401 1054 568 1102 XVIII.
599 1056 787 1102 Proinde
813 1056 927 1102 sicut
946 1067 993 1102 tu
1017 1073 1039 1101 e
1065 1057 1283 1102 contrario
1307 1056 1522 1120 loqueris;
1545 1068 1586 1103 et
1614 1057 1715 1103 lieet

337 1123 624 1181 reclamante,
653 1126 765 1172 sieut
787 1127 938 1172 scribis
956 1164 966 1182 ‚
991 1126 1157 1172 mundo
1174 1164 1184 1182 ‚
1222 1127 1358 1173 libera
1382 1145 1488 1174 voce
1520 1145 1716 1192 pronun·

337 1194 443 1250 tias,
464 1196 743 1241 caeremonias
766 1196 789 1240 J
797 1195 1023 1242 udaeorum
1043 1207 1084 1242 et
1107 1197 1370 1259 perniciosas
1388 1215 1473 1243 esse
1497 1209 1538 1243 et
1563 1199 1717 1244 morti-

336 1262 445 1310 feras
470 1264 754 1320 Christiani83
783 1267 1107 1330 etquieumque
1131 1283 1198 1312 eas
1224 1267 1543 1324 observaverit,
1563 1269 1650 1315 sive
1670 1285 1717 1314 ex

336 1333 518 1391 Judaeis‚
539 1335 625 1382 sive
644 1353 690 1381 ex
714 1337 914 1395 gentibus
932 1374 943 1393 ‚
974 1353 1073 1382 eum
1096 1339 1142 1382 in
1160 1337 1420 1382 barathrum
1446 1337 1614 1384 diaboli
1637 1338 1717 1384 de-

340 1405 537 1452 volutum
562 1407 650 1452 :ita
673 1424 749 1467 ego
771 1408 887 1454 hanc
907 1425 1056 1454 vocem
1079 1419 1196 1453 tuam
1215 1409 1393 1453 omnino
1417 1410 1652 1466 confirmo,
1677 1420 1718 1454 et

338 1476 480 1522 addo:
504 1478 784 1541 Quicumque
804 1497 872 1524 eas
893 1479 1210 1534 observaverit,
1237 1480 1323 1524 sive
1348 1497 1394 1524 ex
1417 1483 1438 1524 J
1445 1479 1602 1537 udaeis,
1630 1480 1717 1526 sive

336 1564 382 1592 ex
407 1547 607 1606 gentibus
624 1585 634 1604 ,
663 1566 750 1593 non
772 1549 912 1594 solum
936 1550 1162 1603 veraciter,
1188 1550 1469 1595 verumetiam
1491 1550 1713 1605 simulate,

337 1634 435 1663 eum
451 1618 496 1663 in
513 1618 773 1665 barathrum
799 1619 966 1666 diaboli
993 1620 1263 1667 devolutum.
1289 1620 1409 1677 Quid
1436 1622 1597 1683 quaeris
1623 1638 1717 1667 am—

337 1687 482 1751 plius?
513 1687 598 1733 Sed
624 1689 737 1735 sicut
755 1701 803 1735 tu
826 1690 1145 1736 simulationem
1172 1690 1483 1753 Apostolorum
1507 1691 1562 1736 ab
1585 1691 1717 1750 hujus

337 1758 544 1821 temporis
566 1760 729 1805 ratione
749 1760 932 1806 secernis
955 1779 964 1805 :
992 1762 1051 1806 ita
1073 1778 1152 1819 ego
1168 1760 1293 1806 Pauli
1311 1760 1495 1822 apostoli
1521 1778 1717 1806 veracem

342 1839 445 1874 tunc
468 1829 514 1874 in
540 1828 607 1875 his
632 1830 836 1876 omnibus
862 1832 1230 1879 conversationem
1249 1830 1303 1876 ad
1323 1830 1456 1890 hujus
1481 1831 1686 1893 temporis
1703 1867 1713 1886 ,

337 1899 536 1961 quamvis
569 1901 746 1946 minime
781 1901 1005 1957 simulata,
1049 1901 1408 1946 caeremoniarum
1438 1900 1716 1959 judaicarum

339 1968 642 2014 observatione
674 1986 847 2015 secerno
870 1970 1113 2033 :quoniam
1149 1981 1252 2015 tunc
1286 1969 1368 2014 fuit
1397 1970 1684 2033 approbanda
1703 2005 1714 2025 ,

339 2053 458 2083 1111110
492 2037 758 2086 detestanda.
794 2041 858 2085 Ita
884 2040 1083 2103 quamvis
1112 2039 1366 2099 legerimus:
1389 2060 1409 2079 «
1430 2041 1514 2084 Lex
1539 2049 1581 2084 et
1606 2040 1720 2083 Pro-

341 2128 363 2150 »
382 2107 532 2171 phetae
549 2125 684 2173 usque
704 2109 759 2155 ad
780 2110 992 2156 Joannem
1012 2110 1251 2173 Baptistam
1265 2109 1281 2137 1
1302 2127 1313 2153 ε
1331 2120 1404 2154 »et
1424 2110 1562 2172 quia«
1582 2109 1720 2172 Prop—

339 2199 361 2220 ›>
386 2189 498 2224 terea
517 2180 773 2243 quaerebant
792 2181 939 2227 Judaei
959 2181 1184 2226 Christum
1210 2180 1473 2235 interficere,
1502 2179 1604 2242 quia
1627 2196 1715 2224 non

340 2271 361 2292 »
385 2249 523 2295 solum
545 2250 739 2296 solvebat
761 2252 991 2297 sabbatum
1008 2289 1018 2307 ‚
1041 2250 1110 2296 sed
1133 2262 1174 2296 et
1197 2250 1367 2295 Patrem
1390 2266 1516 2295 suum
1541 2249 1715 2294 dicebat

338 2341 359 2362 »
385 2321 550 2376 Deum,
579 2321 791 2384 aequalem
817 2339 858 2367 se
890 2321 1048 2367 faciens
1080 2323 1170 2366 Deo
1196 2338 1206 2364 ι
1230 2341 1249 2361 ›>
1276 2330 1317 2365 et
1339 2320 1442 2382 quia
1469 2340 1488 2360 c<
1516 2320 1711 2364 Gratiam

338 2412 359 2433 »
384 2408 464 2454 pro
488 2392 623 2451 gratia
641 2393 912 2456 accepimus2
935 2411 944 2438 :
970 2413 990 2434 »
1009 2403 1050 2438 et
1068 2392 1277 2456 quoniam
1299 2411 1318 2432 «
1337 2392 1421 2436 Lex
1440 2407 1517 2453 per
1533 2391 1713 2452 Moysen

340 2482 362 2504 ›>
386 2461 486 2507 data
509 2472 596 2516 est3
621 2463 757 2521 gratia
784 2474 926 2509 autem
955 2474 996 2509 et
1021 2463 1176 2509 veritas
1206 2478 1284 2524 per
1307 2461 1453 2506 Jesum
1488 2461 1712 2506 Christum

340 2552 361 2573 ›>
381 2531 497 2578 facta
516 2542 578 2577 est
601 2549 611 2576 :
637 2553 658 2574 ,υ
682 2543 724 2578 et
743 2550 821 2596 per
844 2534 1070 2579 Jeremiam
1090 2532 1351 2596 promissum
1372 2530 1484 2587 estss,
1508 2531 1713 2576 daturum

390 2614 492 2647 ¹Lue.
512 2625 580 2652 xv1,
606 2615 655 2653 16,
671 2619 702 2647 et
720 2616 814 2647 Joan.
830 2627 860 2654 v,
881 2617 933 2646 18.
947 2633 992 2639 -
1012 2614 1027 2637 2
1047 2617 1141 2647 Joan.
1161 2626 1191 2653 1,
1207 2614 1258 2646 16.
1274 2630 1317 2636 —
1335 2609 1348 2634 3
1362 2615 1481 2646 Jerem.
1502 2624 1592 2652 xxm,
1613 2614 1666 2644 31.
