1902 3268
629 335 839 364 Evtsrom
876 333 1013 373 xcvit.
1429 318 1519 365 233

146 405 270 462 cujus
303 418 480 447 munere
504 401 600 446 talis
630 417 671 444 es
690 438 699 452 ,
728 399 933 444 Ecclesia*
958 415 1047 443 sua*
1065 402 1333 461 jamjamque
1356 401 1517 444 subve-

149 473 257 527 niat,
272 476 433 532 majore
456 471 614 516 fiducia
643 470 725 515 tibi
743 469 992 522 scribimus,
1015 469 1189 513 dominc
1207 469 1355 514 eximie
1375 480 1414 514 et
1436 486 1519 513 me-

143 543 227 588 rito
242 542 596 606 praestantissime
626 541 901 603 multumque
926 541 969 585 in
992 540 1155 585 Christi
1191 540 1405 585 charitate
1434 541 1520 586 ho·-

145 612 340 658 norande
358 613 435 658 fili.

209 683 267 726 ll.
296 684 350 727 Et
372 682 526 727 fratres
551 681 728 744 quidem
749 681 874 726 multi
899 680 1035 725 sancti
1058 680 1234 739 collegae
1256 681 1354 735 mei,
1383 681 1520 740 gravi-

142 763 208 797 ter
238 753 427 798 Ecclesia
457 753 713 815 perturbata
740 752 926 814 profecti
956 761 1054 796 sunt
1087 768 1196 813 pene
1224 751 1434 809 fugientes
1464 752 1519 797 ad

143 822 497 882 gloriosissimum
532 823 785 868 comitatum
807 859 816 877 ,
840 839 948 884 quos
968 859 977 875 ‚
1006 821 1092 866 sive
1108 825 1196 879 jam
1223 821 1379 866 videris
1397 860 1406 875 ‚
1435 822 1522 867 sive

141 891 305 936 litteras
330 909 479 937 eorum
511 892 566 937 ab
595 892 703 936 urhe
726 892 867 936 Roma
896 892 1240 954 opportunitatis
1262 896 1518 955 cujusquam

143 962 369 1007 occasione
394 962 639 1024 acceperis:
673 978 751 1021 ego
790 972 932 1006 tamen
960 961 1060 1007 licet
1094 962 1262 1006 nullum
1292 963 1520 1008 eonsilium

142 1048 242 1077 cum
264 1033 323 1077 eis
343 1033 670 1079 communicare
681 1033 917 1096 potuerim,
942 1050 1028 1077 non
1050 1033 1521 1096 potuipraetermitterc

88 1102 92 1105 ‘
142 1118 222 1164 per
242 1101 365 1147 hunc
383 1101 557 1148 fratrem
578 1113 619 1148 et
634 1103 1040 1166 compresbyterum
1059 1120 1222 1155 meum,
1246 1103 1320 1166 qui
1345 1114 1521 1164 urgente

142 1173 392 1218 necessitate
408 1190 490 1236 pro
511 1173 647 1218 salute
666 1174 772 1219 civis
801 1174 891 1226 sui,
914 1173 1041 1218 etiam
1065 1172 1203 1218 media
1223 1173 1380 1236 hyeme
1404 1190 1520 1236 quo-

142 1242 469 1305 modocumque
510 1243 562 1288 ad
599 1243 691 1289 illas
718 1254 862 1306 partes
896 1244 1042 1289 venire
1069 1243 1320 1306 compulsus
1359 1254 1420 1288 est
1442 1281 1452 1298 ‚
1479 1255 1518 1289 et

142 1313 326 1359 salutare
344 1325 385 1358 et
408 1314 639 1359 admonere
664 1315 921 1360 charitatem
955 1325 1072 1358 tuam
1097 1351 1107 1366 ,
1136 1331 1266 1376 quam
1306 1314 1441 1359 habes
1476 1315 1520 1360 in

143 1383 320 1429 Christo
348 1385 449 1429 Jesu
476 1385 665 1438 Domino
687 1397 852 1440 nostro„
869 1396 917 1430 ut
945 1402 1054 1448 opus
1078 1396 1200 1430 tuum
1228 1386 1394 1430 honum
1418 1385 1523 1430 dili—

143 1453 389 1512 gentissima
426 1454 692 1500 acceleretur
719 1456 923 1500 instantia
945 1493 954 1503 .
997 1472 1085 1518 quo
1118 1456 1317 1501 noverint
1356 1455 1519 1500 inimici

143 1523 350 1568 Ecclesiae
375 1522 485 1582 leges
513 1523 629 1578 illast,
671 1542 771 1587 quae
796 1525 848 1571 de
870 1525 996 1570 idolis
1022 1525 1344 1585 confringendis
1369 1536 1409 1570 et
1429 1525 1519 1570 hee-

141 1593 284 1638 reticis
305 1593 572 1653 corrigendis
590 1596 689 1640 vivo
710 1595 949 1641 Stilichone
969 1596 1012 1640 in
1030 1595 1218 1641 Africam
1240 1597 1378 1640 missfe
1397 1606 1516 1649 sunt,

140 1680 188 1708 ex
211 1663 436 1709 voluntate
461 1665 740 1726 Imperatoris
770 1666 951 1728 piissimi
976 1677 1017 1710 et
1042 1666 1278 1711 fidelissimi
1304 1666 1519 1711 constitu-

141 1743 233 1778 tas:
256 1749 345 1794 quo
363 1735 576 1779 nesciente
595 1735 663 1780 vel
683 1735 808 1780 nolen
817 1748 854 1781 te
878 1736 1042 1781 factum
1062 1737 1148 1781 sive
1169 1735 1315 1781 dolose
1328 1740 1515 1795 jactant,

141 1803 231 1848 sive
253 1803 436 1848 libenter
450 1815 631 1866 putant3
657 1806 905 1868 atquehinc
923 1806 1088 1851 animos
1105 1807 1406 1869 imperitorum
1430 1816 1517 1850 tur-

141 1873 463 1919 bulentissimos
485 1874 698 1931 reddunt,
729 1877 940 1939 nobisque
963 1876 1203 1939 periculose
1221 1895 1270 1922 ac
1292 1876 1519 1922 vehemen-

142 1953 206 1988 ter
220 1943 412 1990 infestos.

206 2015 289 2060 ΙΙΙ.
317 2015 415 2060 Hoc
429 2026 573 2061 autem
589 2018 705 2080 quod
726 2019 917 2082 petendo
937 2019 1003 2064 vel
1020 2017 1286 2078 suggerendo
1307 2017 1518 2063 admoneo

140 2083 439 2146 praestantiam
474 2095 592 2130 tuam
615 2123 625 2138 ‚
664 2105 752 2133 non
791 2089 948 2134 dubito
989 2089 1184 2133 oninium
1222 2104 1300 2150 per
1325 2087 1515 2132 Africam

141 2153 406 2213 collegarum
444 2172 639 2201 meorum
679 2159 771 2204 fieri
800 2160 1024 2206 voluntate
1059 2177 1068 2203 :
1101 2159 1373 2221 arbitrorque
1403 2175 1517 2221 qua-

141 2239 330 2286 cumque
343 2225 548 2286 primitus
571 2239 714 2273 exorta
742 2230 966 2275 occasione
981 2229 1186 2275 facillime
1215 2246 1339 2291 posse
1365 2246 1414 2274 ac
1436 2227 1516 2273 de-
1556 2249 1560 2252 ·

141 2293 243 2339 bere
265 2296 504 2351 maturari,
531 2308 579 2342 ut
602 2300 801 2345 noverint
823 2338 833 2355 ‚
863 2302 975 2346 sicut
1013 2300 1097 2345 dixi
1117 2338 1126 2354 ‚
1167 2300 1365 2345 homines
1384 2300 1480 2345 vani
1501 2336 1511 2353 ‚

138 2380 325 2427 quorum
352 2375 393 2410 et
410 2365 731 2414 adversantium
762 2371 942 2416 salutem
978 2371 1236 2433 requirimus
1255 2408 1265 2426 ,
1287 2370 1397 2430 leges
1417 2387 1517 2433 quae

141 2451 222 2496 pro
251 2434 415 2480 Christi
436 2437 625 2483 Ecclesia
649 2441 787 2486 missae
810 2453 932 2497 sunt,
958 2444 1092 2501 magis
1117 2440 1352 2486 Theodosii
1376 2441 1512 2486 filium

141 2520 271 2566 quarn
295 2505 578 2552 Stilichonem
619 2526 789 2556 curasse
810 2511 1055 2557 mittendas.
1091 2513 1325 2574 Propterea
1350 2512 1516 2574 quippe

141 2585 401 2620 memoratus
419 2576 648 2639 presbyter
666 2579 822 2626 harum
846 2582 1056 2644 perlator,
1086 2599 1186 2627 cum
1205 2581 1258 2626 de
1278 2583 1447 2640 regione
1461 2583 1511 2625 sit

75 2642 80 2646 ’
143 2642 418 2702 Milevitana‚
457 2647 511 2691 ab
536 2650 743 2714 episcopo
779 2668 855 2697 suo
891 2652 1125 2698 voum-abili
1151 2651 1281 2697 fratre
1309 2669 1403 2697 tneo
1435 2651 1511 2695 Se«
