1902 3268
375 267 458 313 123
771 283 803 312 s.
848 280 1087 311 Aucusi'mi
1127 279 1326 311 eviscovi

364 441 669 454 §unusmvsnan
678 440 792 453 =====2
801 441 978 452 §saxna-st
989 439 1598 453 ssxs===1xszsmnxssxs=³=xxxxa-ssu
1608 434 1731 450 xxxxv·

787 559 1052 603 EPISTOLA
1086 558 1287 602 LXXXV
1307 559 1336 601 ¹.

366 679 540 719 Domino
567 679 768 718 sinceriter
802 678 1052 717 dilectissimo
1079 686 1118 715 ct
1148 677 1248 715 votis
1272 677 1460 715 omnihus
1482 675 1747 715 beatificando

419 740 531 781 statii
563 749 601 779 et
633 741 900 779 consacerdoti
938 740 1071 778 PAULO
1105 743 1209 789 (225),
1243 740 1486 777 AucusriNus
1515 740 1555 777 iu
1575 738 1748 777 Domino

419 805 604 842 salutem.

366 924 642 981 Augustinus
671 923 862 965 Paulum
887 924 1121 978 ‹luemclccm
1146 922 1393 979 episcopum
1415 921 1648 979 objurgat,
1674 924 1752 976 qui

427 991 671 1033 Ecclesiam
696 991 869 1032 levitate
885 1006 964 1033 sua
989 991 1190 1048 graviter
1214 988 1488 1048 offendebat,
1512 999 1557 1031 ut
1575 989 1635 1030 ad
1652 988 1750 1044 fru-

423 1074 523 1117 gem
545 1069 583 1100 et
605 1059 801 1117 episcopo
824 1059 1010 1116 dIgnam
1034 1060 1176 1100 vila-m
1200 1058 1361 1099 redeat.

437 1202 471 1248 Ι.
498 1202 600 1248 TAM
625 1200 931 1247 inexorabilem
954 1218 1021 1246 me
1049 1218 1135 1246 non
1158 1217 1353 1255 vocares,
1378 1200 1457 1245 nisi
1483 1199 1611 1245 etiam
1634 1215 1752 1261 mcn-

370 1273 521 1320 dacem
551 1283 739 1337 putares.
774 1272 894 1330 Quid
925 1274 1039 1318 enim
1066 1271 1183 1317 aliud
1208 1271 1261 1318 de
1286 1271 1430 1317 animo
1461 1288 1555 1316 meo
1580 1269 1719 1316 credis
1737 1307 1748 1326 ,

369 1343 551 1408 quando
569 1344 680 1389 mihi
699 1343 798 1390 talia
819 1344 997 1399 scribis,
1023 1344 1103 1388 nisi
1126 1361 1192 1388 me
1216 1353 1358 1388 tencre
1380 1342 1581 1388 adversus
1600 1352 1639 1387 te
1656 1358 1751 1386 nse-

371 1432 472 1461 vum
495 1414 728 1460 discordiae
751 1425 791 1460 ct
823 1414 972 1460 odium
1007 1413 1308 1460 detestandum
1343 1431 1354 1458 ε
1384 1413 1506 1477 quasi
1528 1413 1571 1458 in
1591 1430 1634 1458 rc
1660 1429 1751 1457 ma-

371 1485 523 1531 nifesta
554 1502 640 1530 non
663 1502 869 1538 caveam,
907 1503 959 1530 nc
990 1485 1082 1530 aliis
1104 1484 1351 1547 praedicans
1370 1521 1380 1539 ,
1411 1485 1502 1547 ipsc
1538 1483 1753 1547 reprobus

368 1556 592 1609 inveniam
623 1567 698 1602 aut
720 1556 778 1602 ita
798 1556 925 1602 velim
952 1557 1104 1615 ejicere
1126 1555 1330 1620 stipulam
1353 1555 1405 1600 (lc
1428 1554 1557 1600 oculo
1576 1566 1673 1609 tuo⁵
1705 1564 1753 1599 ut

367 1628 412 1673 in
432 1645 528 1673 meo
551 1628 720 1673 trabem
746 1628 937 1674 nutriam
952 1632 969 1674 ἱ)
1006 1645 1092 1673 non
1120 1638 1183 1672 cst
1205 1627 1325 1692 quod
1354 1637 1496 1690 putas.
1539 1627 1651 1671 Ecce
1675 1625 1752 1671 ite-

370 1715 468 1744 rum
493 1697 593 1743 dico
616 1708 657 1743 et
682 1708 816 1744 testor
840 1700 978 1744 Deum
1002 1736 1012 1754 ‚
1037 1700 1139 1762 quia
1161 1698 1193 1743 si
1219 1708 1264 1743 tu
1289 1698 1372 1742 tibi
1396 1715 1442 1742 ea
1463 1696 1592 1742 velles
1613 1733 1623 1751 ,
1651 1712 1752 1759 quae

371 1768 453 1815 tibi
472 1785 549 1829 ego
569 1768 688 1825 volo‚
711 1772 802 1829 jam
837 1769 940 1814 olim
967 1786 1141 1815 securus
1160 1768 1203 1814 in
1230 1767 1406 1814 Christo
1430 1767 1610 1823 viveres,
1639 1776 1681 1811 et
1707 1765 1751 1811 in

371 1840 560 1885 nominis
579 1842 670 1899 ejus
683 1840 816 1899 gloria
837 1851 972 1886 totam
994 1844 1085 1900 ejus
1105 1839 1340 1885 Ecclesiam
1359 1838 1616 1884 laetificarcs.
1639 1838 1752 1882 Ecce

362 1914 453 1971 jam
481 1911 634 1973 scripsi
658 1928 750 1956 non
770 1922 937 1957 tantum
963 1925 1000 1956 tc
1020 1929 1106 1957 csse
1127 1910 1302 1956 fratrem
1325 1927 1467 1955 meum
1487 1947 1497 1964 ‚
1525 1909 1597 1954 scd
1621 1908 1750 1953 ctiam

369 1979 577 2041 collegam
597 1998 757 2027 meum.
792 1983 941 2045 Neque
965 1983 1078 2027 enim
1102 1982 1192 2027 fieri
1220 1992 1384 2045 potest,
1413 1992 1460 2026 ut
1482 1998 1568 2025 non
1587 1979 1640 2025 sit
1663 1978 1751 2025 col-

368 2050 462 2112 lega
487 2067 606 2096 meus
627 2051 815 2114 quilibet
842 2053 1073 2116 episcopus
1101 2051 1307 2098 Ecclesiae
1331 2051 1564 2097 catholicae
1583 2049 1751 2113 qualis-

369 2139 559 2186 cumque
594 2123 679 2178 sit,
718 2123 839 2170 nullo
869 2124 1159 2170 ecclesiastico
1181 2123 1352 2183 judicio
1389 2122 1632 2168 damnatus.
1666 2120 1750 2166 Sed

372 2204 422 2239 ut
440 2194 520 2239 tihi
541 2210 629 2239 non
654 2196 994 2245 communicem.
1024 2195 1142 2240 nulla
1162 2212 1289 2241 causa
1319 2205 1382 2240 cst
1401 2233 1411 2249 ,
1438 2194 1515 2239 nisi
1540 2194 1641 2257 quia
1670 2191 1751 2237 tibi

371 2263 543 2310 adulari
575 2282 661 2310 non
694 2283 886 2328 possum.
920 2266 1023 2311 Tibi
1052 2266 1163 2311 cuim
1191 2266 1374 2310 maxime
1395 2265 1557 2320 debeo,
1585 2264 1687 2328 quia
1706 2262 1751 2308 in

371 2335 549 2380 Christo
579 2337 681 2382 Jesu
714 2355 792 2401 per
832 2338 1114 2398 Evangelium
1152 2355 1228 2397 ego
1265 2348 1305 2382 tc
1344 2336 1494 2396 genui,
1533 2335 1750 2381 salubrem

371 2406 701 2453 mordacitatem
728 2409 954 2454 charitatis
993 2409 1203 2455 veraciter
1235 2407 1523 2468 objurgando.
1566 2408 1656 2453 Nec
1690 2405 1749 2451 ita

370 2476 539 2538 gaudeo
575 2477 735 2525 multos
758 2479 803 2525 in
841 2480 1080 2526 Ecclesiam
1109 2478 1375 2526 catholicam
1401 2477 1635 2538 adjuvante
1661 2478 1748 2522 Do-

420 2578 430 2601 ¹
452 2578 542 2612 Alias
565 2590 670 2611 μεμε.
689 2590 758 2623 quae
779 2586 883 2613 autem
905 2582 945 2612 85
965 2586 1041 2620 erat,
1056 2579 1237 2613 continetur
1259 2578 1350 2623 epist.
1376 2589 1447 2609 120.
1469 2595 1511 2601 —-
1525 2575 1648 2620 Scripta
1671 2575 1749 2608 forle

369 2634 445 2667 circ.
463 2644 514 2667 an.
535 2636 609 2671 405·
