1902 3268
613 314 821 346 Errsrom
860 312 984 344 Lx111.
1435 315 1488 364 ¹7

121 385 297 432 libertas
320 382 552 430 amicitiae-i>
579 381 887 428 Verumtamen
916 380 1133 426 fluctuans
1154 379 1327 426 interim
1344 418 1354 437 ,
1387 382 1496 441 elegi

124 472 192 501 me
212 470 399 519 purgare
424 452 572 517 potius
595 469 724 516 quam
754 462 795 497 te
816 467 1006 512 arguere.
1030 450 1252 515 Scripsisti
1271 460 1310 497 te
1327 451 1492 507 mirari,

124 542 203 572 nos
229 541 332 571 cum
358 523 507 570 dolore
535 534 681 569 nostro
716 523 895 569 tolerare
920 521 1102 568 voluisse
1124 559 1134 577 ‚
1173 521 1292 585 quod
1326 539 1502 569 corree-

127 596 244 642 tione
270 595 490 642 emendari
512 594 723 658 potuisset
745 612 755 639 :
779 593 902 657 quasi
937 610 1025 638 non
1055 592 1139 638 sint
1178 592 1365 639 dolenda
1400 609 1502 657 quas

127 667 239 713 male
260 665 376 713 sacta
399 676 498 713 sunt
516 704 527 723 ,
556 666 723 712 etiamsi
746 675 961 728 quantum
989 673 1200 726 possunt,
1226 674 1373 726 postea
1400 681 1504 710 eor-

128 737 356 798 riguntur3
388 748 461 783 aut
486 754 572 783 non
594 736 638 782 id
662 736 844 782 maxime
865 733 1136 780 tolerandum
1160 734 1237 790 sit,
1266 734 1507 798 quodcum

128 807 405 854 manifestum
432 808 486 853 sit
509 824 736 871 perperam
758 806 922 852 factum
939 843 949 862 ‚
974 805 1065 851 fieri
1092 822 1179 851 non
1206 805 1341 869 possit
1367 805 1508 851 infec-

127 888 237 925 tum.
262 877 417 924 Desine
433 878 579 941 itaque
604 876 750 922 mirari
765 875 915 927 frater,
940 874 1234 921 sincerissime.
1253 876 1365 921 Nam
1382 874 1506 921 ordi-

133 958 259 995 natus
275 958 337 994 est
359 947 479 1012 apud
503 948 746 994 Subsanam
771 946 1066 993 subdiaconus
1090 946 1363 1004 Timotheus,
1391 963 1513 1010 pree-

136 1029 200 1065 ter
233 1035 379 1064 meum
406 1018 636 1065 consilium
663 1029 705 1064 et
738 1018 1040 1073 voluntatem3
1079 1034 1179 1064 cum
1208 1017 1317 1082 quid
1353 1017 1406 1063 de
1440 1017 1518 1063 illo

144 1089 359 1151 agendum
389 1101 527 1147 esset,
567 1090 714 1136 adhue
737 1089 849 1135 inter
880 1100 1046 1135 nostras
1070 1088 1258 1136 alternas
1286 1088 1518 1134 sententias

136 1160 390 1207 deliberatio
420 1171 604 1208 nutaret.
639 1162 750 1206 Ecce
770 1160 916 1206 adhuc
945 1160 1071 1206 doleo
1089 1197 1099 1217 ‚
1128 1159 1325 1223 quamvis
1344 1163 1436 1220 jam
1462 1160 1519 1204 ad

140 1241 179 1278 te
203 1231 407 1287 redierit3
443 1232 488 1278 in
513 1250 600 1296 quo
628 1250 703 1278 nos
728 1243 813 1278 tuae
843 1232 1056 1279 voluntati
1077 1231 1271 1295 paruisse
1297 1248 1384 1277 non
1408 1248 1516 1295 poe-

137 1303 258 1351 nitet.

202 1375 262 1422 ll.
307 1374 422 1421 Audi
457 1375 588 1421 etiam
622 1374 730 1438 qnid
774 1373 1048 1436 objurgando
1069 1411 1080 1432 ‚
1121 1373 1230 1438 quid
1266 1373 1483 1420 monendo
1505 1411 1516 1431 ‚

136 1444 246 1509 quid
266 1444 432 1491 orando
455 1446 763 1492 correxerimus
785 1483 796 1502 ‚
820 1456 860 1491 et
884 1456 1115 1510 antequam
1138 1444 1246 1491 hine
1281 1456 1497 1509 essetpro-

138 1514 300 1572 fectus3
337 1533 391 1562 ne
421 1515 569 1562 adhuc
600 1527 834 1580 propterea
861 1516 1062 1562 videatur
1095 1515 1173 1562 tibi
1206 1516 1318 1562 nihil
1341 1535 1363 1562 a
1392 1517 1517 1562 nobis
1552 1543 1555 1545 -

138 1596 247 1632 tunc
264 1585 395 1633 fuisse
418 1598 682 1644 correctum,
700 1589 803 1652 quia
823 1586 1019 1633 nondum
1040 1587 1094 1634 ad
1111 1605 1184 1633 vos
1199 1587 1289 1651 ipse
1310 1587 1509 1633 redierat.

141 1656 434 1717 Objurgando
465 1658 724 1704 correximus
741 1696 751 1714 ,
785 1659 929 1722 primo
956 1658 1099 1722 ipsum
1122 1658 1199 1723 qui
1224 1658 1305 1704 tibi
1328 1675 1415 1704 non
1436 1660 1514 1704 ob-

140 1727 426 1790 temperavit‚
470 1738 518 1773 ut
550 1728 797 1774 inconsulto
836 1728 967 1774 fratre
999 1728 1272 1775 Carcedonio
1310 1728 1365 1774 ad
1401 1739 1520 1774 tuam

141 1796 415 1843 sanctitatem
442 1808 542 1843 ante
560 1798 909 1862 proficisceretur
932 1836 942 1854 ‚
967 1798 1083 1845 unde
1107 1801 1226 1860 origo
1252 1800 1385 1858 hujus
1417 1817 1521 1845 nos-

144 1878 222 1914 trae
243 1867 536 1914 tribulationis
560 1881 702 1915 exorta
728 1881 789 1915 est
817 1887 827 1914 ε
856 1869 1012 1916 deinde
1041 1870 1343 1933 presbyterum
1367 1880 1408 1916 et
1434 1871 1471 1916 V
1474 1888 1522 1916 e-

141 1939 305 1995 rinum‚
323 1955 401 2002 per
423 1956 532 2003 quos
553 1951 600 1986 ut
621 1939 898 1986 ordinaretur
915 1940 1079 1986 factum
1101 1958 1187 1986 esse
1207 1941 1512 2005 comperimus,

143 2009 255 2057 Cum
281 2009 394 2055 enim
426 2027 574 2056 omnes
607 2010 944 2071 objurgantibus
970 2010 1097 2057 nobis
1123 2011 1220 2057 haec
1251 2012 1395 2058 omnia
1432 2031 1520 2059 non

144 2090 258 2127 reete
288 2078 403 2126 facta
424 2098 511 2127 esse
530 2081 711 2127 confessi
734 2092 834 2128 sunt
852 2119 862 2138 ,
898 2092 939 2128 et
963 2093 1010 2128 ut
1035 2082 1118 2128 sibi
1140 2082 1436 2142 ignosceretur
1455 2102 1522 2130 ro-

146 2161 383 2212 gaverunt3
418 2152 545 2198 nimis
580 2153 767 2215 superbe
797 2170 1045 2212 ageremus,
1078 2153 1217 2199 sinon
1251 2153 1522 2202 crederemus

146 2238 232 2267 esse
256 2232 485 2268 correctos.
520 2223 671 2286 Neque
696 2223 812 2269 enim
848 2241 968 2284 agere
984 2234 1189 2288 poterant
1218 2236 1265 2271 ut
1296 2225 1409 2272 faeta
1435 2245 1524 2274 non

148 2301 316 2338 essent:
349 2291 422 2337 sed
443 2309 523 2339 nee
546 2310 623 2338 nos
648 2293 767 2340 aliud
791 2294 1041 2354 objurando
1073 2296 1306 2355 agebamus
1323 2334 1334 2352 ‚
1370 2298 1451 2343 nisi
1477 2308 1525 2343 ut

149 2379 192 2409 se
211 2361 321 2408 male
343 2363 473 2423 egisse
492 2376 798 2424 cognoscerent
824 2376 866 2411 et
890 2365 1098 2412 dolerent.
1138 2367 1355 2414 Monendo
1381 2379 1524 2416 autem

149 2432 438 2491 correximus,
465 2435 610 2498 primo
635 2453 783 2482 omnes
801 2474 812 2492 ‚
838 2447 886 2482 ut
914 2435 1118 2501 deinceps
1146 2437 1247 2483 talia
1275 2457 1361 2484 non
1389 2440 1527 2486 aude-

151 2514 264 2560 rent,
287 2521 340 2550 ne
359 2505 468 2551 iram
489 2506 567 2552 Dei
591 2507 886 2570 experirentur
907 2525 917 2553 z
946 2508 1102 2554 deinde
1127 2510 1351 2574 praecipue
1373 2512 1528 2557 Timo-

153 2573 306 2621 theum
324 2612 335 2630 ‚
363 2576 439 2639 qui
458 2576 544 2623 sola
559 2578 779 2637 juratione
799 2596 841 2624 se
865 2579 961 2639 cogi
993 2578 1167 2625 dicebat
1195 2580 1249 2626 ad
1277 2592 1394 2628 tuam
1426 2600 1530 2646 per-

155 2662 251 2707 gere
261 2646 519 2694 charitatem
535 2668 546 2702 3
566 2659 610 2696 ut
628 2649 974 2707 sisamttitastua‚
990 2650 1107 2713 quod
1128 2649 1215 2697 sore
1227 2653 1527 2716 sperabanan

319 2734 460 2766 extvr.
1375 2741 1398 2769 2
