1902 3268
680 289 893 320 ErrsroLA
927 290 1018 320 mx.
1462 280 1554 345 337

177 371 261 414 que
285 355 531 401 annectitur
554 355 691 400 Deiet
712 355 927 418 proximi:
953 355 999 400 in
1018 371 1106 418 quo
1127 372 1222 413 nos,
1245 368 1290 402 ut
1305 357 1408 414 dixi,
1430 362 1552 421 quasi

175 423 313 469 limite
335 434 491 470 stantes
525 424 756 470 amborum
793 424 934 470 calore
966 424 1216 484 tangimur,
1250 437 1292 471 et
1316 428 1545 474 amborum

176 495 405 554 flagramus
439 512 596 542 amore.
642 494 727 541 Sed
751 506 964 559 quantum
998 512 1076 540 nos
1100 495 1177 541 iste
1212 497 1322 556 ignis
1353 500 1551 544 exusserit

175 574 216 610 et
240 567 490 628 purgaverit
512 566 726 629 proximi,
748 577 918 612 tantum
944 583 1022 611 nos
1042 566 1087 611 in
1111 566 1156 612 in
1181 566 1305 613 illum
1329 569 1551 631 puriorem

175 635 256 680 Dei
276 635 336 681 ire
349 636 587 700 compellit.
611 638 661 681 ln
677 653 765 700 quo
778 640 870 696 jam
887 636 1030 682 nullus
1053 637 1181 682 nobis
1202 637 1378 683 amandi
1395 638 1549 685 modus

172 704 416 768 imponitur
437 742 448 762 ‚
471 706 649 770 quando
675 707 766 770 ipse
787 706 851 752 ibi
871 706 1027 751 modus
1043 716 1106 751 est
1125 706 1214 751 sine
1234 706 1366 751 modo
1385 724 1542 755 amare.

173 774 271 820 Non
284 793 361 836 ego
378 777 613 822 verendum
625 787 687 823 est
699 794 751 822 ne
763 776 864 840 plus
882 792 1074 822 amemus
1086 776 1323 821 Dominum
1337 786 1549 835 nostrum,

172 845 243 892 sed
264 864 318 892 ne
340 848 499 904 minus,
525 847 782 894 timendum.
804 869 825 889 »

238 917 320 964 111.
353 939 372 959 «
399 919 505 964 Haec
531 917 727 980 Epistola
751 917 948 980 superior
968 952 979 972 ,
1007 933 1106 980 quae
1127 916 1210 962 tibi
1234 934 1302 963 me
1320 918 1443 981 quasi
1467 920 1549 966 ab-

170 997 302 1033 stersa
328 987 499 1034 tristitia
521 987 726 1034 felicitate
750 988 970 1034 actionum
987 1024 997 1044 ,
1038 987 1091 1033 de
1113 987 1284 1034 liberali
1315 989 1404 1034 otio
1428 991 1548 1053 quod

170 1065 313 1101 tecum
339 1057 449 1103 mihi
478 1074 600 1118 agere
617 1057 743 1104 licuit
773 1058 819 1103 in
848 1058 934 1104 hoc
961 1074 1060 1103 rure
1080 1058 1221 1121 posito
1245 1059 1261 1122 (
1281 1076 1382 1104 nam
1407 1061 1468 1106 ita
1488 1061 1547 1107 li-

169 1142 264 1171 cere
285 1126 457 1190 potuit)
482 1127 695 1174 laetiorem
717 1128 841 1173 offert
859 1163 870 1184 ,
897 1138 1130 1190 antequam
1154 1144 1254 1173 sane
1288 1131 1546 1177 venerabilis

167 1195 400 1260 episcopus
436 1213 514 1242 nos
554 1198 724 1243 visitare
749 1197 1003 1257 dignaretur
1024 1233 1035 1252 ‚
1067 1197 1190 1260 quasi
1224 1208 1336 1243 meta
1367 1199 1545 1246 illorum

166 1265 426 1325 gaudiorum
457 1266 621 1330 scripta
643 1279 735 1324 est,
759 1278 800 1313 et
826 1267 944 1330 quod
978 1283 1076 1312 vere
1108 1268 1259 1323 mirer,
1300 1269 1451 1316 eodem
1477 1271 1547 1317 die

166 1337 284 1383 venit
300 1354 388 1400 quo
412 1337 574 1401 scripta
594 1348 669 1385 est.
701 1337 824 1395 Quid
855 1337 942 1383 hoc
968 1348 1056 1394 est,
1083 1354 1233 1401 quaeso
1258 1339 1400 1385 anima
1419 1358 1511 1387 mea
1530 1378 1541 1398 ,

164 1407 247 1453 nisi
268 1407 377 1453 forte
395 1407 516 1471 quod
542 1425 620 1454 nos
643 1407 832 1454 delectat
856 1428 867 1462 ;
898 1419 1044 1454 tamen
1069 1409 1149 1454 etsi
1184 1408 1415 1456 honestum
1445 1422 1505 1457 est
1527 1448 1540 1467 ,

164 1494 253 1523 non
275 1487 421 1526 tamen
456 1477 556 1523 satis
590 1478 696 1524 utile
713 1515 725 1536 ,
759 1478 862 1542 quia
885 1478 932 1524 in
964 1489 1090 1541 parte
1113 1481 1209 1525 est?
1232 1480 1410 1526 Interim
1443 1481 1544 1527 licet

164 1548 363 1594 universo
385 1547 502 1593 hanc
524 1547 666 1611 ipsam
683 1557 854 1611 partem
871 1584 883 1604 ,
903 1546 949 1593 id
966 1564 1043 1593 nos
1060 1547 1178 1611 ipsos
1191 1586 1203 1606 ,
1223 1560 1436 1613 quantum
1459 1568 1542 1614 pro

161 1619 353 1681 peccatis
374 1618 532 1664 nostris
556 1619 683 1664 nobis
709 1618 824 1664 cedit
843 1619 1022 1664 materia
1043 1655 1055 1674 ‚
1088 1618 1134 1663 id
1158 1629 1221 1664 est
1247 1636 1324 1666 nos
1350 1621 1435 1684 ipsi
1463 1639 1540 1667 ce-

160 1688 323 1745 dimus,
348 1688 476 1734 nobis
499 1687 757 1735 elimatiores
776 1699 820 1735 et
837 1688 1295 1752 compaginabiliores,
1322 1690 1375 1753 (si
1394 1701 1539 1740 tamen

160 1758 354 1804 admittis
381 1757 468 1804 hoc
489 1758 705 1821 verbum)
731 1769 881 1822 aptare
912 1757 1160 1806 moliamur.
1188 1759 1335 1806 Habes
1355 1761 1535 1824 Episto-

157 1827 245 1873 lam
268 1845 357 1874 non
385 1844 469 1891 pro
506 1838 580 1874 tua
613 1828 940 1889 magnitudine,
970 1827 1044 1874 sed
1077 1845 1159 1891 pro
1192 1846 1287 1875 mea
1322 1833 1536 1894 parvitate

157 1897 395 1958 longiorem
412 1934 424 1954 ‚
452 1914 539 1961 qua
561 1908 603 1944 te
631 1898 961 1961 provocaverim
982 1935 993 1954 ‚
1025 1908 1074 1944 ut
1098 1901 1190 1957 jam
1227 1917 1315 1946 non
1337 1919 1419 1965 pro
1441 1921 1535 1949 mea

156 1969 366 2030 parvitate
389 2005 400 2025 ‚
428 1968 500 2013 sed
524 1985 607 2032 pro
632 1979 705 2014 tua
737 1968 1040 2029 magnitudine
1066 1969 1178 2016 mihi
1203 1971 1400 2034 Epistola
1426 1976 1532 2019 mit-—

156 2049 286 2085 tatur.
317 2038 431 2095 Quae
458 2048 603 2085 tamen
636 2050 993 2102 quantacumque
1023 2038 1131 2096 erit,
1162 2041 1273 2086 mihi
1290 2041 1419 2104 longa
1442 2061 1531 2090 non

154 2110 262 2164 erit,
289 2108 362 2154 cui
398 2118 540 2154 totum
575 2119 745 2172 tempus
764 2110 896 2155 breve
919 2120 980 2155 est
1000 2108 1055 2154 ad
1082 2120 1122 2155 te
1141 2109 1389 2170 legendum.
1419 2116 1529 2161 Res-

154 2179 275 2224 cribe
297 2178 409 2223 mihi
429 2178 628 2242 quando,
656 2190 730 2225 aut
750 2179 830 2225 ubi
851 2196 1079 2225 occurrere
1111 2180 1293 2227 debeam
1308 2219 1320 2239 ,
1348 2198 1530 2248 propter

152 2248 273 2294 illam
299 2265 475 2294 causam
498 2265 586 2312 qua
609 2266 676 2294 me
696 2250 860 2309 jussisti
881 2267 1123 2296 occurrere.
1151 2251 1284 2308 Quod
1307 2254 1343 2299 si
1367 2265 1429 2300 est
1457 2256 1525 2301 in-

154 2329 288 2379 tegra,
310 2330 352 2364 et
373 2335 463 2364 non
483 2318 593 2364 forte
613 2320 732 2366 aliud
752 2321 904 2366 melius
923 2320 1112 2384 placuit,
1134 2332 1240 2367 tunc
1260 2340 1488 2372 occurram
1511 2345 1522 2372 :

152 2389 216 2434 sin
243 2389 384 2434 minus
399 2425 411 2444 ‚
436 2405 542 2449 rogo
571 2401 612 2436 te
630 2427 641 2447 ,
677 2390 776 2435 nolo
800 2407 868 2436 ine
891 2409 914 2436 a
938 2407 1070 2436 cursu
1093 2408 1265 2439 revoces
1296 2412 1405 2443 meo.
1443 2398 1522 2445 Illa

152 2459 267 2504 enim
294 2458 384 2504 sola
407 2459 496 2506 visa
519 2471 596 2517 est,
616 2477 747 2524 quain
773 2478 1076 2524 praeponerem
1096 2463 1221 2510 mihi.
1247 2466 1414 2514 Fratres
1429 2485 1520 2515 om-

150 2545 224 2574 nes
247 2529 325 2592 qui
347 2529 474 2575 nobis
498 2530 544 2575 in
565 2532 755 2578 Domino
771 2533 967 2580 conservi
982 2543 1104 2592 sunt,
1135 2545 1177 2580 et
1191 2535 1387 2588 desidero
1407 2541 1524 2587 mul-

153 2608 266 2658 tum,
285 2610 327 2646 et
350 2601 505 2648 saluto.
525 2622 545 2644 ›>

315 2689 458 2722 CXLVI.
1339 2698 1394 2729 22
