1902 3268
630 273 838 304 erlsrom
876 273 1037 303 Lxxxn.
1444 257 1528 303 105

161 343 214 389 sit
245 342 312 399 ei,
349 340 425 404 qui
454 339 540 385 hoc
577 355 662 384 non
687 337 908 393 simulate,
946 337 1017 383 sed
1054 338 1306 397 congruenti
1331 336 1532 383 societate

161 424 290 476 atque
320 410 594 458 observantia
617 408 799 455 fecerit?
837 409 892 454 Et
919 419 1061 454 tamen
1086 407 1199 453 nihil
1221 406 1321 453 inde
1353 407 1531 467 legimus

161 484 206 530 in
229 482 449 530 canonicis
478 480 602 527 libris
634 490 906 543 praeceptum
940 496 1024 525 esse
1055 479 1325 526 Christianis.
1357 480 1532 535 Quanto

159 554 294 615 magis
312 551 422 599 illud
440 550 605 597 malum
629 551 771 596 dicere
801 567 888 596 non
913 549 1050 595 audeo
1070 587 1080 605 ‚
1113 548 1232 613 quod
1256 549 1397 594 Deum
1422 563 1534 610 prae-

162 625 323 688 cepisse
342 623 436 686 ipsa
459 621 698 668 christiana
721 620 807 666 fide
826 637 978 680 negare
1003 636 1090 665 non
1118 636 1295 682 possum
1319 656 1329 675 ‚
1359 635 1445 682 qua
1461 616 1534 662 ‹li-

161 694 249 742 dici
267 711 354 741 non
374 711 422 740 eo
436 710 503 739 me
514 692 763 753 justificari,
776 691 849 737 sed
870 690 1007 750 gratia
1022 690 1101 734 Dei
1121 707 1199 753 per
1215 690 1362 735 Jesum
1379 687 1530 734 Chris-

160 776 257 812 tum
286 764 520 811 Dominum
538 765 763 809 nostrum?
866 809 870 812 ,

224 835 319 882 XV.
351 835 462 881 Dico
478 871 489 891 ‚
511 833 883 880 circumcisionem
901 831 1133 895 praeputii,
1155 841 1196 877 et
1212 841 1367 877 caetera
1384 829 1460 889 huj
1469 845 1535 875 us-

161 904 306 963 modi‚
331 905 467 968 priori
493 903 660 967 populo
685 920 762 966 per
783 903 1136 958 Testamentum,
1165 901 1285 965 quod
1314 901 1440 947 Vetus
1464 899 1537 945 di·-

163 976 296 1031 citur,
317 975 526 1020 divinitus
550 974 652 1019 data
673 973 727 1019 ad
749 972 1108 1033 significationem
1132 971 1384 1018 futurorum
1404 1009 1414 1025 ,
1438 986 1538 1034 quae

159 1061 239 1109 per
263 1044 490 1091 Christum
514 1044 747 1107 oportebat
771 1042 943 1106 impleri
968 1061 978 1088 :
999 1042 1160 1106 quibus
1181 1041 1535 1095 advenientibus,

160 1115 412 1161 remansisse
431 1114 505 1160 illa
527 1113 789 1160 Christianis
809 1113 988 1173 legenda
1010 1124 1178 1159 tantum
1194 1151 1206 1170 ,
1230 1113 1285 1159 ad
1299 1111 1537 1171 intelligen-

160 1186 268 1232 tiam
303 1185 540 1249 praemissae
577 1184 828 1248 prophetiae
843 1221 854 1241 ‚
893 1201 981 1229 non
1016 1192 1160 1231 autem
1199 1183 1436 1229 necessario
1468 1181 1538 1226 fa-

161 1255 338 1310 cienda;
366 1255 488 1318 quasi
509 1254 657 1300 adhuc
677 1253 994 1317 expectandum
1017 1265 1121 1300 esset
1139 1291 1149 1305 ,
1178 1265 1227 1300 ut
1249 1253 1414 1300 veniret
1436 1250 1538 1298 fidei

160 1325 389 1382 revelatiO,
411 1341 512 1388 quae
531 1325 602 1370 his
614 1324 941 1384 significabatur
960 1341 1047 1370 esse
1066 1335 1260 1371 ventura.
1282 1323 1368 1369 Sed
1387 1338 1539 1386 quam-

160 1397 225 1444 vis
250 1396 451 1458 gentibus
473 1395 741 1459 imponenda
765 1412 853 1440 non
872 1406 1035 1449 essent,
1071 1413 1158 1441 non
1198 1406 1341 1441 tamen
1375 1394 1434 1439 sic
1467 1392 1539 1438 de-

162 1467 306 1514 buisse
335 1467 493 1513 auferri
516 1484 539 1512 a
569 1466 881 1522 consuetudine
907 1467 931 1511 J
939 1466 1163 1513 udaeorum
1181 1504 1191 1523 ,
1219 1478 1430 1530 tanquam
1457 1463 1538 1509 de-

163 1537 356 1584 testanda
371 1549 500 1601 atque
511 1537 775 1584 damnanda.
794 1537 960 1583 Sensim
980 1537 1166 1601 proinde
1184 1549 1312 1600 atque
1325 1534 1539 1600 paulatim

162 1610 351 1656 fervente
367 1626 469 1655 sana
491 1608 806 1672 praedicatione
829 1608 979 1668 gratiae
1006 1608 1194 1664 Christi,
1221 1625 1307 1671 qua
1331 1607 1420 1653 sola
1436 1622 1540 1651 nos-

163 1691 255 1726 sent
285 1679 508 1726 credentes
544 1696 585 1723 se
618 1679 848 1738 justificari
865 1715 876 1734 ‚
915 1678 1139 1742 salvosque
1172 1678 1265 1723 fieri
1280 1715 1291 1733 ‚
1330 1693 1418 1722 non
1456 1674 1540 1720 illis

163 1750 332 1797 umbris
361 1766 504 1796 rerum
532 1759 658 1794 antea
690 1749 966 1804 futurarum,
1015 1759 1118 1794 tunc
1148 1752 1241 1808 jam
1271 1745 1537 1794 venientium

164 1832 294 1885 atque
317 1821 622 1885 praesentium,
656 1831 704 1866 ut
731 1821 776 1866 in
800 1820 973 1866 illorum
1000 1819 1257 1865 Judaeorum
1281 1818 1533 1873 vocatione,

163 1909 273 1956 quos
297 1893 529 1956 praesentia
552 1892 694 1937 carnis
712 1891 885 1936 Domini
906 1927 916 1946 ‚
943 1901 985 1936 et
1004 1889 1242 1954 apostolica
1266 1901 1461 1952 tempora
1479 1887 1538 1933 sic

163 1964 448 2017 invenerant,
480 1962 621 2007 omnis
654 1961 729 2007 illa
756 1963 867 2007 actio
902 1971 1228 2007 consumeretur
1250 1960 1506 2006 umbrarum
1527 1993 1537 2013 ,

163 2033 252 2079 hoc
282 2033 341 2079 eis
358 2032 572 2079 suffecisse
595 2031 647 2078 ad
668 2031 1089 2078 commendationem
1105 2068 1116 2087 ‚
1148 2041 1196 2077 ut
1222 2047 1310 2076 non
1333 2040 1541 2092 tanquam

165 2102 443 2159 detestanda,
472 2113 515 2148 et
543 2102 693 2147 similis
726 2101 986 2147 idololatriae
1013 2102 1224 2147 vitaretur
1250 2118 1260 2145 ε
1297 2100 1411 2145 ultra
1438 2115 1540 2144 vero

164 2191 254 2220 non
278 2173 461 2219 haberet
494 2189 794 2235 progressum,
827 2190 879 2217 ne
903 2182 1135 2235 putaretur
1168 2170 1403 2216 necessaria
1438 2179 1539 2213 tan-

165 2261 298 2308 quam
317 2242 384 2289 vel
411 2242 467 2288 ab
486 2241 560 2288 illa
584 2241 696 2288 salus
714 2254 843 2298 esset,
869 2242 936 2288 vel
960 2246 1049 2287 sine
1066 2241 1139 2287 illa
1164 2258 1249 2286 esse
1271 2257 1359 2285 non
1377 2248 1533 2302 posset.

168 2313 301 2372 Quod
324 2323 590 2377 putaverunt
608 2312 803 2358 haeretici
821 2351 831 2368 ‚
851 2313 929 2376 qui
949 2312 1054 2357 dum
1071 2311 1223 2357 volunt
1237 2321 1279 2356 et
1295 2311 1320 2355 J
1326 2309 1439 2355 udaei
1458 2325 1543 2354 esse

167 2395 210 2431 et
229 2383 492 2440 Christiani,
520 2400 600 2428 nec
633 2382 780 2428 Judaei
811 2401 891 2428 nec
912 2382 1151 2428 Christiani
1171 2398 1257 2427 esse
1281 2387 1533 2444 potuerunt.

169 2455 370 2512 Quorum
394 2453 645 2499 sententiam
662 2453 773 2498 mihi
797 2452 1032 2500 cavendam
1049 2489 1059 2507 ‚
1078 2451 1278 2515 quamvis
1295 2451 1341 2496 in
1357 2467 1404 2495 ea
1424 2465 1542 2494 nun-

168 2542 301 2589 quam
327 2522 507 2579 fuerim,
540 2534 685 2569 tamen
708 2522 1108 2569 benevolentissime
1133 2521 1365 2567 admonere
1385 2518 1543 2578 digna-

169 2606 238 2642 tus
257 2612 313 2641 es,
345 2595 398 2640 In
423 2598 549 2654 cujus
580 2593 802 2640 sententiae
822 2611 910 2641 non
937 2593 1259 2641 consensionem
1274 2629 1286 2649 ‚
1309 2589 1382 2637 sed
1403 2589 1541 2636 simu-
