1902 3268
686 283 896 312 EPISTOLA
937 284 993 313 m.
1384 306 1387 312 .
1433 268 1524 328 249

149 409 235 427 §wi-W
240 409 281 425 »W
286 408 371 423 nwsxv
378 407 417 422 mv
422 408 460 424 »vx
466 409 476 421 ι
481 407 598 422 ννιννινν
602 406 688 421 ιννινι
692 406 732 421 xxx
738 406 824 421 umvxx
829 407 915 422 »vvux
923 407 963 422 §vx
968 406 1056 420 §xxxxv
1068 407 1107 422 xx«
1114 405 1153 421 n&
1159 408 1167 421 x
1172 406 1213 420 nn
1218 407 1243 420 xx
1250 405 1290 420 1νὶ
1299 406 1386 422 ιινινν
1396 407 1431 420 ΛΑ
1438 406 1479 421 »xx
1496 407 1526 421 xv

641 509 903 554 EPISTOLA
939 510 989 553 CI
1008 511 1039 554 ¹.

147 638 323 679 Domino
348 637 574 677 beatissimo
605 646 643 676 et
673 636 954 676 venerabititer
982 637 1236 685 charissimo,
1267 646 1305 677 et
1325 638 1527 677 sinceriter

205 700 565 739 desiderantissimo
578 700 690 739 fratri
706 708 744 738 et
757 701 987 752 coepiscopo
1001 701 1189 739 Mssuomo
1204 703 1284 750 (39)
1300 729 1309 745 ‚
1334 701 1528 738 Ancum-

205 775 280 801 Nus
299 762 340 800 in
365 761 536 801 Domino
551 761 738 801 salutem.

152 866 431 924 Augustinus
461 867 677 908 Memorio
710 867 905 923 episcopo
947 866 1080 908 libros
1114 866 1251 922 ipsius
1280 863 1534 909 cla’Musica

211 930 467 990 flagitanti,
488 943 659 974 sextum
684 932 850 973 librum
866 934 1028 981 mittit,
1050 943 1088 974 et
1106 943 1294 982 eceteros,
1314 934 1353 974 si
1369 949 1534 990 repere-

211 1002 292 1049 νὶι,
318 1001 554 1042 ‘mittendos
573 1001 830 1058 pollicarem
851 1017 982 1058 caque
1006 1003 1229 1043 occasione
1246 1003 1339 1058 agit
1362 1002 1412 1042 sle
1435 1003 1531 1043 clis-

208 1069 406 1126 cc‘plinis,
442 1084 552 1123 quas
578 1069 689 1125 fizlso
726 1070 924 1111 liberales
948 1070 1038 1111 ccicc
1060 1069 1273 1119 ostendit,-
1299 1069 1389 1111 nisi
1411 1069 1528 1111 adsit

207 1137 405 1178 studium
428 1136 698 1178 Cltrc'scc'anoe
714 1137 903 1193 pietatis.

216 1253 251 1301 I.
282 1255 459 1301 Nums
477 1256 568 1313 jam
591 1254 773 1300 reddere
793 1254 926 1300 debui
950 1255 1113 1301 litteras
1138 1265 1300 1301 sanctae
1323 1254 1530 1301 charitati

152 1332 240 1370 tuae
260 1324 350 1370 sine
368 1324 438 1370 his
458 1323 581 1369 libris
598 1361 609 1381 ,
637 1341 747 1388 quos
771 1342 794 1369 a
813 1342 878 1370 me
903 1326 1040 1371 sancti
1065 1326 1222 1371 amoris
1240 1328 1338 1385 jurc
1359 1324 1529 1371 violen-

149 1394 313 1440 tissimo
348 1394 582 1454 flagitasti,
615 1405 663 1440 ut
698 1395 785 1440 hac
818 1395 965 1441 saltem
1004 1395 1251 1442 obedientia
1288 1395 1529 1458 responde-

148 1480 240 1510 rem
264 1463 469 1527 Epistolis
492 1464 577 1509 tuis
594 1501 605 1521 ,
647 1465 810 1527 quibus
834 1482 904 1511 me
927 1466 1064 1526 magis
1087 1483 1264 1512 onerare
1289 1482 1421 1528 quam
1441 1465 1530 1511 ho-

148 1551 303 1580 norare
325 1534 526 1594 dignatus
546 1552 601 1583 es,
628 1535 894 1599 Quanquam
929 1536 1005 1582 ubi
1029 1537 1272 1582 succumbo
1292 1537 1396 1600 quia
1419 1553 1528 1582 one-

147 1622 242 1661 ror3
265 1604 330 1651 ibi
361 1606 487 1651 etiam
510 1640 522 1661 ‚
560 1606 666 1669 quia
690 1606 848 1667 diligor
866 1644 876 1661 ‚
919 1607 1146 1662 sublevor,
1187 1608 1338 1671 Neque
1361 1607 1474 1653 enim
1505 1625 1529 1653 a

147 1674 344 1739 quolibet
367 1675 554 1734 diligor,
592 1676 823 1733 sublevor,
873 1676 1032 1738 eligor3
1075 1677 1160 1723 sed=
1184 1678 1239 1723 ab
1273 1694 1322 1723 eo
1359 1677 1453 1723 viro
1486 1687 1529 1722 et

148 1747 328 1794 Domini
362 1747 609 1805 sacerdote,
640 1765 773 1812 quem
804 1749 868 1795 sic
894 1761 1123 1813 acceptum
1159 1751 1250 1796 Deo
1279 1751 1416 1797 sentio
1439 1787 1450 1806 ,
1481 1761 1530 1796 ut

148 1833 251 1864 cum
277 1817 468 1863 animam
490 1828 610 1864 tuam
635 1829 721 1864 tam
745 1819 908 1865 bonam
926 1819 1041 1866 levas
1066 1820 1119 1865 ad
1140 1820 1397 1876 Dominum,
1419 1836 1527 1884 quo-

146 1888 266 1935 niam
304 1888 350 1933 in
391 1887 465 1934 illa
490 1905 558 1934 mc
594 1888 756 1944 habes,
787 1888 900 1935 leves
935 1901 977 1935 et
1000 1907 1081 1936 me.
1115 1890 1259 1936 Debui
1283 1907 1383 1950 ergo
1409 1906 1527 1936 nunc

146 1957 282 2003 libros
304 1957 475 2004 mittere
491 1995 503 2014 ,
524 1974 634 2022 quos
655 1957 989 2005 emendaturum
1009 1977 1077 2005 mc
1095 1977 1180 2005 esse
1202 1960 1486 2022 promiseram
1509 1977 1520 2004 :

146 2038 189 2074 et
210 2027 309 2075 ideo
331 2044 421 2074 non
446 2028 544 2075 misi
563 2065 574 2084 ,
601 2029 703 2092 quia
726 2046 814 2074 non
834 2030 1063 2076 emendavi
1097 2048 1107 2075 :
1135 2047 1224 2076 non
1245 2030 1348 2093 quia
1373 2029 1493 2075 nolui
1512 2067 1523 2087 ‚

146 2097 220 2144 sed
253 2099 357 2161 quia
377 2115 467 2144 non
502 2099 658 2162 potui,
702 2100 818 2145 curis
853 2100 1058 2147 videlicet
1092 2100 1240 2146 multis
1271 2111 1313 2146 et
1336 2100 1526 2146 multum

146 2168 492 2232 praevalentibus
514 2179 770 2232 occupatus.
796 2171 936 2217 Nimis
959 2182 1103 2217 autem
1126 2172 1346 2231 ingratum
1372 2188 1421 2216 ac
1444 2171 1526 2217 fer-

146 2254 268 2284 reum
285 2237 393 2294 fuit,
416 2250 465 2284 ut
488 2249 528 2284 te
545 2276 556 2293 ‚
589 2240 665 2303 qui
683 2258 760 2286 nos
780 2241 841 2287 sic
866 2259 983 2289 amas
1001 2280 1011 2297 ,
1042 2242 1116 2287 hic
1140 2252 1312 2288 sanctus
1335 2241 1466 2287 frater
1483 2252 1525 2288 et

148 2307 310 2367 collega
343 2319 488 2354 noster
512 2309 731 2356 Possidius
753 2348 763 2365 ‚
803 2311 846 2357 in
883 2328 971 2374 quo
1008 2322 1199 2357 nostram
1222 2328 1311 2357 non
1341 2329 1523 2375 parvam

145 2378 421 2441 praesentiam
445 2380 628 2443 reperies
647 2418 657 2436 ,
696 2381 764 2427 vel
799 2399 886 2427 non
910 2382 1120 2437 disceret,
1154 2382 1222 2429 vel
1253 2383 1342 2428 sinc
1370 2382 1524 2429 litteris

146 2448 304 2494 nostris
325 2448 521 2496 disceret.
557 2451 632 2496 Est
651 2451 766 2497 enim
792 2468 871 2514 per
894 2463 1090 2498 nostrum
1123 2452 1411 2498 ministerium
1432 2469 1521 2498 non

194 2553 206 2575 ¹
234 2552 322 2586 Alias
353 2566 469 2590 cxxxi.
499 2566 569 2598 quae
597 2562 701 2589 autem
726 2568 784 2589 101
819 2564 901 2601 erat,
924 2568 1009 2590 nunc
1030 2559 1168 2591 1613-
1200 2557 1321 2602 Scripta
1339 2558 1422 2590 circa
1440 2557 1523 2591 ilem

145 2615 282 2653 tempus.
