1902 3268
672 202 820 233 [NnEx.
1334 202 1418 249 561

84 286 238 319 nens-rom
264 289 351 321 CIV.
381 289 430 321 Ad
449 289 643 322 Nectarium.
1368 309 1428 346 ²84

144 375 183 380 —-
269 358 339 390 CV.
367 359 418 391 Ad
443 360 636 393 Donatistas.
1370 376 1431 415 298

144 441 186 447 --
272 425 364 458 CVI.
390 426 440 458 Ad
457 427 671 459 Macrobium.
1369 443 1427 473 312

143 510 182 516 —
267 493 380 525 CVII.
405 492 545 526 Maau'mi
561 499 592 526 et
608 495 782 529 Theodori.
1370 510 1428 541 3¹3
1480 527 1484 531 .

144 573 182 582 ·—
267 560 399 592 CVIII.
425 560 476 592 Ad
501 561 714 594 macrobium.
1366 578 1427 614 314

142 644 184 650 —
269 628 366 661 CIX.
390 627 515 661 Severi.
1368 645 1426 675 335

144 712 183 719 --
272 695 346 728 CX.
380 696 428 728 Ad
446 696 615 730 Severum.
946 710 955 718 ·
1367 712 1429 742 338

143 777 182 783 —
269 761 364 794 CXI.
386 762 435 795 Ad
460 763 692 798 Victorianum.
1369 779 1429 815 342

140 845 180 850 —
266 828 382 862 CXII.
409 830 458 862 Ad
475 832 637 865 Donatum
653 834 852 878 Exprocons.
1368 846 1427 876 352

139 914 180 919 --
263 897 398 930 CXIII.
425 899 475 931 Ad
497 900 720 935 Cresconium.
1366 914 1426 945 353

141 982 181 988 --
267 966 391 998 CXIV.
421 967 471 999 Ad
496 969 731 1004 Florentinum.
1367 981 1430 1018 354

144 1048 185 1053 —
272 1031 380 1064 CXV.
407 1033 458 1065 Ad
480 1034 709 1069 Fortun-atum.
1368 1048 1430 1077 555

141 1115 179 1120 —
268 1099 394 1131 CXVI.
422 1101 472 1132 Ad
495 1102 704 1136 Generosum.
1369 1114 1430 1154 357
1466 1140 1469 1141 γ

142 1182 183 1189 -
269 1167 414 1199 CXVII.
441 1168 599 1201 Dioscori.
1371 1179 1434 1209 358

139 1242 178 1247 —
265 1225 430 1258 CXVIII.
457 1227 506 1258 Ad
532 1229 732 1261 Dioscorum.
1369 1237 1434 1276 359

139 1309 179 1314 —
266 1292 396 1324 CXIX.
417 1293 590 1326 Consentii.
1371 1300 1433 1331 388

141 1378 181 1384 -—
269 1360 378 1391 CXX.
403 1360 452 1391 Ad
470 1361 695 1393 Consentium.
1371 1367 1433 1408 394

140 1445 179 1450 --
266 1427 399 1458 CXXI.
428 1427 571 1459 Paulini.
1316 1479 1318 1482 Ι
1370 1435 1433 1471 410

135 1513 180 1521 -
263 1496 412 1528 CXXII.
446 1496 495 1526 Ad
516 1496 649 1528 Clerum
665 1503 697 1529 et
720 1497 844 1539 plebem
864 1499 965 1541 Hipp.
1368 1502 1430 1538 425

141 1580 179 1585 —
266 1562 433 1594 CXXIII.
458 1563 657 1604 Hieronymi.
1366 1569 1431 1612 427

584 1717 890 1735 -ὢῶὁ-

530 1836 804 1879 CLASSIS
859 1838 947 1879 ΙΗ.

445 1962 1037 2025 EPISTULARUM.

135 2130 181 2137 -—
264 2113 424 2145 CXXIV.
452 2112 501 2144 Ad
520 2113 669 2146 Albinam
681 2137 689 2150 ‚
706 2114 817 2146 Pinian
834 2121 865 2147 et
882 2116 1043 2148 Melaniae.
1364 2116 1426 2152 428

139 2197 179 2203 —-
265 2181 406 2212 CXXV.
428 2180 477 2212 Ad
498 2181 661 2223 Alypium.
1365 2183 1425 2221 431

141 2265 182 2272 -
268 2247 430 2280 CXXVI.
457 2247 507 2280 Ad
527 2247 689 2279 Albinam.
1366 2249 1430 2286 436

143 2334 184 2341 --
267 2316 450 2348 CXXVII.
481 2316 531 2347 Ad
559 2315 801 2348 Armentarium
824 2321 856 2348 et
883 2315 1062 2347 Paulinam.
1364 2316 1430 2358 447

141 2402 183 2409 -
268 2384 471 2416 CXXVIII.
504 2384 631 2427 Sylvani
647 2389 707 2416 etc.
723 2384 917 2416 Catholicor.
942 2384 1049 2425 Episc.
1065 2382 1184 2414 Collal.
1201 2382 1313 2414 Carth.

323 2452 361 2483 ad
383 2452 614 2484 Marcellinum.
1365 2449 1427 2486 455

221 2528 365 2559 CXLVL
1238 2508 1298 2553 36
