1902 3268
606 276 817 308 mussona
851 276 980 307 cxxx.
1405 276 1496 325 779

126 343 309 408 gemitus
327 355 472 399 noster
496 359 584 393 nou
601 351 663 388 est
681 340 965 388 absconditus
989 339 1044 397 ab
1065 356 1137 398 eo,
1158 339 1235 402 qui
1258 342 1402 399 omnia
1418 359 1496 405 per

128 412 321 474 Verbum
338 414 557 474 condidit,
579 412 828 469 ethumana
850 411 984 462 verba
1007 427 1095 457 non
1117 410 1290 476 quaerit9

404 514 640 574 Exposito
679 512 916 557 Orationis
940 513 1218 557 Dominicae.

189 611 311 660 XXI.
346 610 484 664 Nobis
499 627 600 673 ergo
617 611 749 658 verba
769 608 1003 656 necessaria
1025 617 1125 656 sunt
1145 645 1156 667 ,
1180 609 1341 674 quibus
1366 626 1493 656 com-

121 696 378 729 moneamur
397 718 408 740 ,
433 691 477 728 et
504 680 785 747 inspiciamus
809 679 917 744 quid
959 689 1186 749 petamus²
1213 696 1299 725 non
1336 679 1497 742 quibus

124 749 362 797 Dominum
380 766 454 797 seu
470 750 719 797 docendum
742 746 1113 796 seu'ssectendum
1137 764 1222 794 esse
1249 748 1491 795 credamus.

125 818 238 874 Cum
256 837 357 881 ergo
375 819 562 867 dicimus
580 858 590 876 ‚
615 840 635 863 <c
654 819 964 866 Sanctificetur
989 835 1148 863 nomen
1172 817 1326 868 tuum1
1343 855 1355 876 ,
1381 840 1401 863 D
1418 835 1497 871 nos

120 888 238 953 ipsos
257 889 541 937 admonemus
553 889 813 945 desiderare,
834 899 883 934 ut
906 904 1063 938 nomen
1081 890 1172 948 ejus
1192 887 1311 952 quod
1330 905 1497 952 semper

121 970 322 1007 sanctum
348 971 433 1019 est,
467 961 595 1010 etiam
621 959 741 1024 apud
775 959 974 1006 homines
1006 969 1205 1005 sanctum
1244 959 1463 1010 habeatur
1483 997 1495 1016 ‚

121 1029 209 1077 hoc
227 1042 289 1078 est
306 1048 394 1079 non
411 1042 720 1078 contemnatur
735 1052 747 1087 ;
764 1030 885 1096 quod
909 1048 996 1076 non
1013 1031 1104 1076 Deo
1125 1067 1136 1086 ‚
1157 1029 1229 1079 sed
1247 1029 1502 1080 hominibus

119 1100 310 1165 prodest.
356 1103 410 1148 Et
441 1101 489 1148 in
525 1119 574 1149 eo
614 1101 735 1166 quod
779 1100 967 1148 dicimus
984 1138 994 1157 ‚
1033 1122 1054 1142 α
1077 1099 1290 1147 Adveniat
1319 1117 1499 1160 regnum

121 1191 143 1213 ›>
163 1181 306 1228 tuum,
330 1194 351 1215 »
371 1172 493 1238 quod
519 1189 591 1219 seu
608 1172 810 1229 velimus,
838 1189 911 1218 seu
935 1172 1141 1228 nolimus,
1163 1171 1314 1235 utique
1337 1171 1497 1228 veniet,

122 1239 384 1289 desiderium
405 1254 601 1295 nostrum
621 1243 675 1289 ad
698 1242 810 1289 illud
826 1260 1007 1303 reguum
1028 1242 1282 1298 excitamuS,
1307 1252 1355 1287 ut
1374 1242 1500 1288 nobis

121 1312 295 1371 veniat,
330 1325 459 1384 atque
487 1332 565 1362 nos
592 1315 639 1361 in
665 1332 716 1365 eo
750 1331 930 1375 regnare
953 1330 1212 1366 mereamur.
1246 1314 1358 1359 Cum
1387 1312 1502 1359 dici·-

122 1399 245 1439 mus,
270 1404 291 1426 c<
313 1384 409 1439 Fiat
432 1384 633 1435 voluntas
653 1394 726 1430 tua
751 1383 865 1439 sicut
887 1384 934 1430 in
963 1383 1076 1429 coelo
1097 1393 1138 1429 et
1161 1382 1206 1428 in
1227 1393 1338 1428 terra
1357 1418 1369 1440 2
1387 1403 1407 1423 »
1426 1399 1502 1428 no-

121 1452 190 1499 bis
211 1453 269 1506 ab
289 1453 364 1503 illo
388 1471 622 1518 precamur
647 1454 787 1518 ipsam
818 1453 1113 1500 obedientiam
1131 1490 1142 1508 ,
1168 1463 1217 1498 ut
1246 1452 1307 1498 sic
1333 1471 1355 1498 a
1377 1452 1503 1498 nobis

122 1522 201 1569 fiat
223 1523 426 1573 voluntas
451 1528 568 1586 ejus,
603 1523 978 1589 quemadmodum
1008 1525 1058 1570 fit
1090 1523 1134 1570 in
1161 1522 1410 1574 coelestibus
1444 1522 1501 1568 ab

123 1594 297 1654 Angelis
320 1598 424 1655 erS.
451 1596 566 1641 Cum
595 1595 809 1654 dicimus,
838 1616 857 1635 «
877 1596 1038 1641 Panem
1059 1604 1257 1641 nostrum
1279 1593 1503 1657 quotidia-

127 1683 147 1706 »
163 1657 268 1710 num
284 1663 340 1710 da
357 1664 484 1711 nobis
500 1665 636 1712 hodie
653 1703 664 1723 ,
686 1683 797 1729 »per
816 1665 862 1711 id
881 1665 1001 1730 quod
1014 1665 1177 1711 dicitur
1191 1664 1345 1720 hodie,
1368 1664 1504 1724 signi-

123 1733 283 1790 ficatur
303 1734 392 1781 hoc
417 1746 629 1800 tempore,
649 1736 727 1781 ubi
747 1735 815 1782 vel
837 1734 957 1781 illam
979 1733 1280 1781 sufficientiam
1292 1733 1500 1799 petimus,

127 1821 151 1851 a
171 1814 296 1878 parte
315 1821 416 1869 quae
437 1803 629 1863 excellit,
656 1805 703 1852 id
730 1815 791 1860 est
820 1805 996 1851 nomine
1019 1805 1145 1869 panis
1172 1814 1308 1850 totam
1337 1804 1505 1864 signifi÷

126 1884 295 1929 cantes;
318 1875 386 1932 vel
413 1886 731 1923 sacramentum
757 1875 952 1922 fidelium
971 1912 982 1931 ,
1011 1874 1132 1939 quod
1147 1875 1192 1920 in
1206 1874 1293 1921 hoc
1312 1885 1507 1938 tempore

127 1944 415 1995 necessarium
440 1956 503 1992 est
521 1982 531 2002 ,
558 1964 647 2001 non
672 1957 817 1993 tamen
850 1945 905 1991 ad
928 1946 1061 2005 huJ'us
1084 1945 1295 2009 temporis
1311 1982 1322 2001 ,
1353 1945 1425 1990 sed
1454 1944 1507 1990 ad

128 2012 248 2063 illam
272 2025 481 2068 aeternam
498 2015 750 2063 felicitatem
782 2015 1106 2079 assequendam.
1138 2018 1250 2061 Cum
1284 2015 1471 2062 dicimus
1494 2052 1505 2072 ‚

130 2104 152 2132 (ς
171 2083 355 2134 Dimitte
372 2086 500 2133 nobis
521 2085 670 2133 debita
692 2097 858 2143 nostra,
885 2086 998 2132 sicut
1016 2103 1094 2133 nos
1112 2085 1376 2132 dimittimus
1390 2085 1512 2132 debi-

133 2173 155 2195 1)
169 2154 341 2202 toribus
363 2155 521 2202 nostris
543 2193 554 2213 ,
573 2177 592 2198 υ
611 2173 689 2203 nos
705 2156 988 2202 admonemus
1005 2167 1048 2202 et
1077 2155 1185 2220 quid
1210 2167 1409 2219 petamus
1425 2193 1435 2212 ‚
1471 2166 1514 2202 et

131 2221 241 2290 quid
274 2223 486 2272 faciamus
508 2261 520 2281 ‚
553 2235 603 2272 ut
625 2226 822 2290 accipere
846 2243 1102 2272 mereamur.
1135 2225 1249 2272 Cum
1285 2225 1473 2272 dicimus
1496 2263 1508 2283 ,

134 2315 156 2337 c<
178 2295 242 2341 Ne
281 2311 358 2341 nos
393 2294 549 2342 inferas
572 2296 617 2342 in
640 2298 940 2352 tentationem,
962 2318 982 2338 ›>
1016 2313 1092 2342 nos
1124 2295 1406 2342 admonemus
1427 2297 1515 2343 1100

134 2374 299 2429 petere,
324 2382 377 2411 ne
397 2364 553 2418 deserti
572 2369 663 2427 ejus
681 2366 898 2433 adjutorio
917 2366 1049 2412 alicui
1067 2366 1295 2412 tentationi
1319 2367 1386 2413 vel
1403 2384 1514 2413 con-

135 2433 368 2487 sentiamus
395 2433 570 2500 deeepti
587 2473 599 2494 ,
629 2436 697 2484 vel
728 2436 934 2488 cedamus
959 2436 1122 2484 afflicti.
1149 2437 1265 2483 Cum
1289 2436 1477 2493 dicimus
1499 2475 1511 2495 ,

140 2525 161 2547 «
183 2505 343 2552 Libera
363 2521 441 2552 nos
460 2506 632 2565 amalo,
649 2528 672 2551 >2
692 2525 769 2555 nos
793 2507 1076 2555 admonemus
1094 2507 1300 2569 cogitare,
1319 2508 1516 2556 nondum

188 2596 203 2622 ί
221 2593 343 2633 naith.
364 2607 407 2639 vr,
422 2608 460 2642 9,
474 2604 506 2632 et
519 2600 597 2636 Lue.
618 2610 667 2642 xx,
687 2611 720 2634 2.
