1902 3268
674 268 887 300 EPISTOLA
923 270 1001 299 (211.
1443 258 1526 303 201

157 337 299 402 pulis,
345 351 429 382 una
453 335 693 398 eademque
720 335 925 394 religione
964 335 1135 381 sociatis
1167 337 1284 382 varie
1310 338 1539 383 celebran-

157 418 246 461 tur,
275 418 488 470 quatenus
523 407 597 451 fiat
633 406 868 469 plurimum
906 406 1050 459 refert,
1079 423 1166 469 quo
1188 418 1228 452 et
1248 407 1440 452 humana
1468 426 1543 454 ex·-

156 478 358 523 hortetur
374 476 441 523 vel
456 476 922 531 tolereturinfirmitas,
944 477 1143 522 etdivina
1164 495 1248 523 non
1265 489 1544 540 oppugnetur

157 549 410 594 auctoritas

221 619 300 666 Xl.
330 618 627 675 Quamobrem
648 633 746 662 cum
771 617 998 663 Christum
1016 617 1213 663 dieamus
1232 619 1424 664 Verbum
1449 619 1542 674 Dei,

155 706 233 754 per
248 687 368 753 quod
390 687 621 733 factasunt
644 687 807 734 onmia.
830 698 871 732 et
894 687 990 732 ideo
1014 687 1189 736 Filium,
1209 689 1310 751 quia
1330 688 1540 739 Verbum,

156 777 236 806 nec
258 759 454 804 Verbum
480 758 647 804 dictum
678 768 804 820 atque
831 769 868 802 t1
872 768 1115 811 nisietnm
1145 758 1216 803 sed
1238 759 1385 820 apud
1376 776 1544 804 incom-

155 829 414 875 mutabilem
436 830 609 874 Patrem
636 828 997 873 incommutabile
1034 828 1177 880 insum
1216 840 1343 892 atque
1378 829 1544 875 incom-

160 899 432 945 mutabiliter
457 916 660 947 manens
689 899 772 943 sub
818 903 942 958 eujus
972 899 1174 959 regimine
1196 901 1395 945 universa
1421 917 1544 946 erea-

162 979 259 1015 tura
282 969 489 1033 spiritalis
515 979 557 1013 et
582 968 839 1031 corporalis,
868 987 950 1033 pro
981 972 1265 1029 congruentia
1293 981 1539 1034 temporum

155 1038 442 1103 locorumque
474 1038 831 1094 administratur,
867 1040 938 1085 eui
975 1039 1254 1086 moderandae
1297 1051 1339 1085 et
1378 1041 1540 1100 guber-

152 1110 334 1165 nanctae,
359 1108 492 1173 quid,
534 1109 712 1172 qnando
736 1120 779 1154 et
803 1110 905 1163 ubi,
933 1110 1049 1156 cirea
1078 1127 1170 1156 eam
1201 1111 1293 1157 fieri
1319 1123 1535 1175 oporteat,

155 1181 366 1245 sapientia
406 1192 448 1226 et
489 1181 668 1226 seientia
700 1198 830 1244 penes
854 1181 996 1244 ipsum
1028 1193 1089 1227 est
1111 1199 1120 1227 :
1145 1181 1340 1245 profecto
1361 1194 1426 1228 eta
1447 1194 1543 1230 nte-

153 1268 286 1316 quam
324 1261 589 1315 propagaret
627 1251 919 1298 Hebraeorum
960 1263 1147 1312 gentem,
1194 1271 1273 1316 per
1313 1271 1443 1318 quam
1476 1255 1542 1301 sui

154 1322 367 1368 adventus
402 1321 792 1368 manifestationem
826 1323 1031 1382 congruis
1064 1326 1342 1369 sacramentis
1384 1326 1540 1388 praefi—

154 1404 344 1454 guraret‚
384 1404 426 1438 et
450 1393 554 1456 ipsis
594 1393 866 1456 temporibus
906 1393 1135 1440 israelitici
1157 1396 1293 1455 regni,
1318 1407 1359 1441 et
1384 1396 1541 1442 deinde

153 1481 253 1510 cum
273 1481 314 1509 se
335 1464 380 1510 in
397 1480 526 1509 carne
545 1463 600 1509 de
623 1464 789 1523 virgine
807 1476 989 1527 accepta
1015 1465 1275 1511 mortalibus
1300 1467 1540 1512 mortaliter

153 1534 483 1589 demonstravit,
507 1545 548 1581 et
572 1535 777 1599 deinceps
804 1552 940 1599 usque
970 1553 1107 1592 nune,
1153 1537 1422 1601 cumimplet
1443 1556 1539 1584 om-

151 1607 241 1660 nia,
266 1623 367 1670 quae
395 1624 476 1671 per
491 1606 736 1670 Prophetas
764 1617 860 1652 ante
888 1608 1119 1670 praedixit,
1141 1618 1181 1653 et
1202 1609 1258 1653 ab
1278 1608 1384 1656 hinc
1404 1627 1538 1674 usque

152 1676 207 1722 ad
243 1677 373 1722 finem
421 1677 598 1733 saeculi,
641 1694 729 1740 qno
753 1689 928 1723 sanctos
961 1678 1018 1723 ab
1059 1678 1205 1742 impiis
1240 1678 1539 1743 dirempturus

150 1752 230 1804 est,
255 1758 297 1793 et
316 1764 391 1793 sua
412 1748 571 1812 cuique
595 1749 908 1805 retributurus,
939 1748 1052 1794 idem
1077 1749 1168 1812 ipse
1194 1759 1256 1795 est
1274 1750 1407 1796 Filius
1434 1752 1531 1804 Dei.

151 1819 270 1864 Patri
291 1829 552 1874 coaeternus‚
584 1829 626 1864 et
647 1819 1019 1865 incommutabilis
1042 1820 1278 1883 Sapientia.
1299 1839 1376 1884 per
1398 1839 1530 1885 quam

151 1899 295 1936 creata
313 1899 375 1934 est
406 1889 603 1936 universa
634 1899 809 1945 natura,
835 1901 877 1936 et
897 1893 1021 1950 cujus
1041 1891 1377 1955 participatione
1395 1894 1535 1939 omnis

148 1958 373 2005 rationalis
391 1959 534 2005 anima
554 1960 604 2005 fit
619 1961 761 2006 beata.

213 2030 316 2076 XII.
341 2030 494 2092 Itaque
509 2030 566 2075 ab
589 2030 762 2087 exordio
782 2030 946 2090 generis
969 2031 1170 2086 humanL
1199 2034 1465 2097 quicumque.
1488 2036 1532 2080 in

149 2117 246 2146 eum
273 2099 569 2153 erediderunt,
598 2118 783 2164 eumque
807 2111 1048 2165 utcumque
1063 2102 1382 2151 intellexerunt.
1411 2116 1536 2150 etse-

146 2170 447 2230 cundumojus
468 2182 690 2234 prfecepta
709 2171 780 2235 pie
804 2175 978 2231 etjnste
1001 2173 1218 2223 vixerunt.
1242 2175 1533 2238 quandolibet

147 2252 190 2288 et
207 2241 395 2287 ubilibet
416 2240 597 2297 fuerint,
620 2259 699 2305 per
718 2260 815 2288 eum
835 2243 1143 2306 proculdubio
1163 2245 1268 2289 salvi
1292 2245 1393 2291 faeti
1410 2259 1524 2295 sunt.

147 2313 273 2358 Sicut
281 2312 395 2358 enim
408 2329 486 2358 nos
499 2312 543 2359 in
554 2329 652 2359 eum
666 2313 883 2359 credimus
895 2324 936 2359 et
949 2315 1065 2377 apud
1082 2315 1253 2360 Patrem
1268 2329 1510 2363 manentem
1520 2352 1532 2376 2

146 2394 189 2429 et
205 2383 339 2448 quiin
364 2400 493 2429 carne
509 2386 601 2443 jam
617 2384 812 2430 venerit:
831 2384 891 2430 sic
913 2385 1150 2430 credebant
1167 2385 1210 2430 in
1226 2403 1324 2432 eum
1341 2389 1528 2451 antiqui.

145 2465 188 2500 et
214 2453 334 2518 apud
373 2454 544 2500 Patrem
571 2465 835 2509 manentem,
873 2466 915 2501 et
939 2455 983 2501 in
1009 2473 1139 2502 carne
1158 2469 1407 2506 venturum.
1443 2462 1533 2507 Nee

144 2525 249 2589 quia
266 2541 348 2590 pro
373 2535 618 2589 temporum
648 2526 853 2572 varietate
873 2544 991 2575 nunc
1018 2527 1180 2576 factum
1221 2531 1526 2580 annuntiatur.

145 2595 267 2667 quod
289 2606 394 2643 tunc
430 2596 626 2651 futurum
667 2598 1070 2663 praenuntiabatur,
1094 2601 1190 2648 ideo
1214 2600 1319 2648 sides
1336 2603 1429 2668 ipsa
1453 2622 1531 2649 va-
