1902 3268
634 313 845 346 Errsrota
881 315 1082 347 cxxxvn.
1457 302 1549 350 505

172 379 367 446 quotidie
388 379 663 444 proficerem,
691 380 812 426 sicas
846 379 954 427 solas
976 381 1031 426 ab
1064 381 1236 428 ineunte
1261 383 1449 446 pueritia
1474 401 1549 430 us-

170 468 256 516 que
276 451 331 498 ad
350 450 618 514 decrepitam
639 461 902 497 senectutem
933 452 1117 498 maximo
1137 453 1242 509 otio,
1262 469 1430 499 summo
1456 465 1551 500 stu-

172 523 268 578 dio,
298 521 474 568 meliore
501 521 673 581 ingenio
703 538 885 568 conarer
909 523 1130 569 addiscere
1154 542 1268 570 :non
1288 524 1406 588 quod
1430 524 1481 570 ad
1500 543 1546 570 ea

167 610 268 658 quae
292 592 526 638 necessaria
550 602 650 637 suut
680 593 826 647 saluti,
851 604 967 639 tanta
984 595 1028 640 in
1053 595 1401 658 eisperveniatur
1424 595 1542 642 diffi-

170 664 332 711 cultate
353 681 363 709 :
384 663 455 709 sed
475 679 575 708 cum
592 663 775 726 quisque
799 665 860 709 ibi
883 665 1011 710 iidem
1035 667 1234 722 tonuerit,
1264 667 1351 712 sinc
1373 684 1459 730 qua
1477 667 1547 730 pie

169 745 370 798 recteque
396 750 484 778 non
506 733 693 784 vivitur;
737 744 819 779 tam
856 735 1007 789 multa,
1036 747 1209 798 tamque
1232 736 1551 799 multiplicibus

168 805 473 868 mysteriorum
492 803 760 849 umbraculis
782 815 968 867 opacata
1008 804 1287 865 intelligenda
1311 808 1550 870 proficien-

170 876 286 922 tibus
311 884 486 927 restant,
513 884 718 936 tantaque
743 890 829 919 non
858 874 996 920 solum
1019 876 1064 920 in
1094 877 1254 931 verbis,
1286 878 1449 940 quibus
1469 877 1549 923 ista

167 946 284 992 dicta
307 956 425 998 sunt,
443 944 724 990 verumetiam
750 945 793 989 in
813 945 941 991 rebus
965 962 1062 1008 quae
1102 946 1393 1006 intelligendae
1417 959 1544 1002 sunt,

166 1017 267 1063 latet
293 1014 476 1062 altitudo
494 1014 736 1077 sapientiae,
764 1026 810 1060 ut
836 1017 1142 1072 annosissimis,
1172 1018 1450 1074 acutissimis,
1474 1018 1551 1063 fla-

165 1085 448 1147 grantissimis
464 1084 706 1147 cupiditate
719 1085 913 1131 discendi
931 1086 1016 1132 hoc
1039 1090 1246 1147 contigat,
1263 1088 1381 1151 quod
1399 1088 1548 1134 eadem

168 1156 397 1220 Scriptura
428 1154 620 1218 quodam
660 1155 757 1200 loco
792 1155 955 1202 habet:
985 1178 1004 1198 ι(
1033 1157 1144 1203 Cum
1187 1158 1550 1205 consummaverit

168 1249 189 1270 »
214 1227 366 1282 homo,
391 1236 494 1271 tunc
514 1225 671 1288 incipit
694 1225 726 1271 ¹.
745 1248 764 1267 2>

233 1297 308 1344 lV.
339 1296 422 1342 Sed
456 1294 563 1358 quid
599 1295 706 1340 hinc
746 1296 904 1358 plura?
933 1297 1201 1344 Veniendum
1233 1299 1380 1362 potius
1412 1299 1547 1359 estad

168 1384 278 1420 rem,
304 1383 435 1430 quam
462 1365 659 1428 requiris
690 1365 776 1410 Ubi
812 1366 1003 1428 primum
1028 1378 1068 1412 te
1086 1368 1194 1412 scire
1210 1368 1327 1424 volo,
1349 1386 1436 1413 non
1461 1369 1548 1415 hoc

167 1437 331 1484 habere
349 1435 644 1481 Christianam
669 1434 914 1480 doctrinam
933 1436 1052 1499 quod
1085 1437 1142 1482 ita
1172 1437 1225 1482 sit
1246 1439 1360 1483 Deus
1380 1438 1547 1484 iufusus

167 1507 306 1562 carni,
332 1523 420 1570 qua
458 1523 504 1551 ex
530 1505 695 1565 virgine
721 1515 985 1561 nasceretur,
1010 1517 1058 1552 ut
1078 1524 1225 1552 curam
1252 1508 1548 1568 gubernandae

167 1576 456 1623 universitatis
480 1575 546 1621 vel
563 1575 798 1621 deseruerit
825 1575 892 1622 vel
917 1577 1129 1632 amiserit,
1165 1578 1229 1623 vel
1249 1578 1302 1624 ad
1321 1578 1431 1624 illud
1448 1596 1544 1624 cor-

167 1647 400 1711 pusculum
420 1647 544 1709 quasi
558 1657 825 1692 contractam
843 1647 1067 1692 materiam
1085 1648 1397 1713 collectamque
1413 1660 1546 1695 trans-

168 1718 327 1765 tulerit.
361 1717 601 1762 Hominum
620 1716 698 1762 iste
721 1734 866 1763 sensus
897 1727 976 1772 est,
1015 1718 1127 1763 nihil
1161 1718 1241 1764 nisi
1261 1735 1445 1782 corpora
1465 1736 1545 1765 va-

165 1788 347 1835 lentium
383 1788 586 1846 cogitare,
623 1786 710 1832 sive
735 1788 813 1833 ista
857 1788 1087 1842 crassiora,
1119 1789 1230 1834 sicut
1256 1800 1355 1834 sunt
1385 1789 1546 1836 humor

167 1871 298 1924 atque
323 1860 502 1913 humus,
533 1859 619 1904 sive
637 1859 884 1915 subtiliora,
907 1860 1020 1905 sicut
1041 1860 1151 1905 a'eris
1174 1860 1361 1914 etlucis3
1388 1861 1459 1906 sed
1477 1873 1545 1907 ta-

152 1948 265 1976 rmen
289 1947 492 1993 corpora,
520 1946 708 1992 quorum
732 1931 900 1976 nullum
922 1941 1061 1993 potest
1086 1947 1171 1976 esse
1191 1931 1354 1994 ubique
1386 1942 1541 1987 totum,

165 2000 372 2064 quoniam
395 2017 473 2063 per
491 1999 829 2046 innumerabiles
852 2011 992 2064 partes
1012 2000 1128 2046 aliud
1156 2001 1261 2046 alibi
1284 2001 1445 2047 habeat
1466 2020 1545 2048 ne-

166 2089 279 2119 cesse
304 2082 384 2127 est,
420 2081 461 2116 et
485 2081 892 2135 quantumcumque
910 2072 961 2117 sit
986 2089 1143 2135 corpus
1161 2089 1233 2118 seu
1258 2074 1546 2136 quantulum-

166 2159 355 2206 cumque
374 2141 704 2205 corpusculum,
720 2143 806 2188 loci
825 2153 1010 2206 occupet
1025 2144 1230 2206 spatium.
1259 2143 1546 2207 eumdemque

164 2212 311 2258 locum
332 2212 392 2258 sic
408 2212 607 2275 impleat,
630 2223 678 2257 ut
700 2213 744 2258 in
776 2213 895 2258 nulla
921 2217 1010 2272 ejus
1033 2223 1157 2275 parte
1192 2213 1246 2258 sit
1287 2223 1440 2260 totum.
1485 2215 1545 2259 Ac

165 2300 244 2348 per
265 2283 354 2328 hoc
375 2282 546 2328 densari
562 2299 611 2328 ac
631 2300 858 2339 rarescere,
896 2283 1097 2327 contrahi
1121 2293 1163 2327 et
1186 2282 1374 2339 dilatari,
1398 2284 1442 2328 in
1462 2283 1546 2329 mi-

165 2354 309 2400 nutias
335 2353 468 2399 deteri
491 2365 531 2399 et
549 2353 828 2413 grandescere
847 2355 890 2399 in
915 2354 1090 2408 molem,
1120 2354 1288 2399 nonnisi
1308 2371 1544 2417 corporum

165 2437 240 2473 est.
260 2427 412 2486 Longe
428 2425 545 2471 aliud
560 2436 620 2471 est
641 2427 962 2471 animaenatura
984 2442 1114 2489 quam
1137 2426 1358 2488 corporis:
1380 2437 1546 2489 quanto

165 2496 301 2556 magis
317 2496 415 2552 Dei,
441 2496 519 2559 qui
535 2507 701 2542 creator
718 2508 779 2542 est
812 2509 853 2542 et
874 2497 1028 2542 animae
1052 2506 1093 2541 et
1111 2497 1337 2559 corporis?
1364 2497 1460 2541 Non
1487 2498 1546 2544 sic

167 2568 285 2612 Deus
307 2565 469 2612 dicitur
504 2566 683 2629 implere
722 2567 934 2614 mundum
953 2605 964 2624 ‚
991 2567 1108 2614 velut
1151 2583 1279 2630 aqua,
1306 2566 1422 2613 velut
1452 2574 1541 2625 aer,

215 2650 226 2671 ¹
246 2649 340 2682 Eccli.
361 2650 508 2688 xv111,6.
