1902 3268
623 269 832 299 tvlsrom
870 270 1069 299 cxxxvn.
1438 257 1531 305 503

162 423 485 435 =‡s=====51=s==sm
495 424 977 435 -zzsssvsss-s-§snssxaemvs-
988 424 1539 438 ==s=ae======ssss=====ssssvv-

554 533 815 578 EPISTOLA
853 536 1094 579 CXXXVII
1116 537 1146 579 ¹.

216 649 392 690 Domino
415 649 563 690 illustri
588 659 627 689 et
646 653 789 691 merito
810 654 972 706 insigni.
1000 661 1038 692 et
1064 656 1388 704 priestantissimo
1410 654 1492 694 filio

360 711 612 761 Vonusuno,
636 715 879 753 Annus-rmus
901 716 939 752 in
962 715 1139 754 Domino
1160 714 1344 757 salutem,

165 842 406 900 Respondet
437 842 712 900 Augustinus
743 844 803 885 ad
829 843 1030 900 singulas
1060 844 1316 898 quaestt'ones
1345 840 1542 902 superius

560 910 807 966 propositas
830 926 856 951 (ι
882 910 1137 952 Volusiano.

230 1045 265 1092 I.
290 1045 401 1091 Lm
428 1042 589 1090 litteras
612 1054 708 1090 tuas
725 1081 734 1099 ‚
760 1043 803 1089 in
832 1045 993 1108 quihus
1016 1044 1107 1090 vidi
1133 1045 1276 1105 magui
1307 1044 1539 1105 cujusdam

167 1114 329 1176 dialogi
367 1115 610 1178 specimen,
654 1114 867 1161 laudabili
904 1116 1115 1183 brevitate
1155 1116 1536 1180 comprehensum.

164 1185 444 1250 Respondere
463 1185 595 1245 igitur
616 1185 769 1244 debui,
798 1203 874 1232 nec
892 1203 971 1250 pro
993 1186 1200 1232 dilatione
1225 1185 1391 1251 aliquid
1410 1204 1542 1234 excu-

165 1257 340 1304 sationis
361 1273 597 1320 opponcre.
624 1258 799 1304 Accidit
816 1258 929 1303 enim
951 1268 1218 1321 opportune,
1246 1269 1294 1303 ut
1317 1257 1373 1304 ab
1393 1258 1542 1305 alienis

164 1327 345 1387 negotiis
374 1327 484 1373 mihi
504 1325 822 1391 aliquantulum
849 1339 1034 1375 vacaret.
1064 1328 1238 1384 Quibus
1274 1339 1418 1374 autem
1454 1328 1546 1375 dic-

164 1397 308 1444 tandis
333 1397 418 1444 hoc
442 1397 579 1443 otium
595 1409 826 1444 statueram
844 1397 1111 1462 impendere,
1134 1399 1368 1462 paululum
1382 1397 1548 1457 distuli,

163 1484 441 1532 nequaquam
461 1471 626 1526 justum
646 1485 732 1514 esse
751 1469 1003 1523 arbitratus,
1027 1478 1074 1513 ut
1099 1485 1227 1531 quem
1266 1468 1320 1513 ad
1343 1486 1548 1532 quaeren-

163 1537 269 1585 dum
282 1538 532 1584 exhortatus
550 1539 642 1601 ipse
665 1537 827 1595 fueram
848 1575 858 1594 ,
881 1537 1096 1583 differrem
1128 1549 1410 1601 quaerentem.
1436 1538 1547 1596 Quis

164 1618 308 1655 autem
320 1618 536 1663 nostrum,
552 1608 628 1671 qui
652 1608 835 1663 Christi,
862 1619 1171 1671 utpossumus,
1190 1609 1372 1667 gratiam
1400 1609 1548 1654 minis-

164 1690 347 1735 tramUS‚
366 1695 466 1725 cum
484 1689 556 1723 tua
572 1678 702 1723 verba
721 1678 889 1739 legerit,
913 1679 969 1724 ita
993 1690 1033 1724 te
1048 1678 1150 1724 velit
1166 1678 1365 1724 doctrina
1392 1679 1547 1725 instrui

165 1749 432 1805 Christiana,
464 1759 510 1794 ut
531 1749 609 1794 tibi
636 1759 803 1794 tantum
828 1749 1013 1795 sufficiat
1030 1748 1085 1794 ad
1110 1748 1290 1794 salutem
1308 1767 1392 1795 non
1413 1749 1546 1809 hujus

162 1821 265 1867 vitae
287 1823 441 1884 (quam
465 1820 639 1882 vaporis
655 1837 741 1865 esse
766 1820 1052 1876 simillimam,
1082 1819 1297 1865 tantillum
1325 1837 1546 1883 apparen—

164 1891 234 1948 tis,
274 1902 316 1937 et
343 1890 461 1937 illico
485 1891 751 1951 vanescentis
776 1901 904 1953 atque
930 1889 1148 1953 pereuntis
1167 1927 1176 1945 ‚
1208 1906 1347 1935 sermo
1374 1890 1547 1935 divinus

163 1961 393 2008 admonere
415 1960 611 2007 curavit?
630 1964 643 2021 ]
665 1959 737 2005 sed
760 1960 878 2005 illam
898 1960 1081 2005 salutem
1104 1969 1432 2023 propterquam
1454 1957 1544 2005 adi-

162 2030 417 2097 piscendam
440 2041 481 2076 et
507 2031 551 2076 in
566 2040 776 2076 {eternum
800 2029 1085 2076 obtinendam
1108 2029 1348 2074 Christiani
1367 2032 1544 2075 sumus?

163 2104 326 2148 Parum
346 2111 407 2147 est
429 2118 528 2161 ergo
553 2100 679 2146 nobis
703 2103 764 2147 sic
802 2111 841 2145 te
861 2101 1034 2155 instrui,
1059 2110 1107 2145 ut
1134 2100 1214 2145 tibi
1239 2101 1291 2144 sit
1316 2098 1545 2146 liberando

162 2172 277 2220 satis.
311 2172 539 2231 Ingenium
565 2172 731 2236 quippe
751 2183 793 2218 et
823 2172 1042 2236 eloquium
1073 2182 1196 2216 tuum
1227 2182 1315 2216 tam
1340 2170 1548 2217 excellens

162 2253 340 2306 tamque
355 2241 627 2288 luculentum
649 2242 849 2306 pro-lesse
871 2243 1001 2289 debet
1029 2242 1157 2287 ctiam
1186 2242 1367 2298 caeteris,
1394 2252 1548 2288 contra

163 2329 351 2377 quorum
393 2312 638 2358 tarditatem
671 2330 742 2359 seu
772 2313 1115 2376 perversitatem,
1145 2311 1548 2358 convenientissime

163 2381 435 2430 defendenda
457 2393 519 2428 est
544 2394 678 2429 tantae
702 2384 853 2444 gratiae
878 2383 1162 2446 dispensatio,
1194 2400 1327 2446 quam
1346 2382 1549 2445 superbae

164 2451 369 2499 animulae
389 2452 516 2500 nihili
551 2453 769 2518 pendunt,
796 2471 896 2518 quae
922 2454 1052 2499 nimis
1076 2454 1279 2500 affectant
1303 2452 1546 2517 plurimum

212 2545 222 2566 ¹
255 2544 342 2576 Alias
371 2555 421 2576 ιιι.
450 2555 522 2587 quae
554 2551 659 2576 autem
691 2547 752 2585 ¹37
789 2552 878 2586 erat,
918 2553 1004 2577 nun:
1032 2546 1088 2584 78.
1120 2562 1163 2568 —-
1197 2544 1322 2588 Scripta
1356 2545 1451 2587 paulo
1474 2550 1547 2586 post

164 2599 377 2644 superiorem.
394 2618 438 2625 —
451 2598 466 2621 '²
482 2600 598 2633 Jacob.
615 2611 660 2640 ιν,
683 2602 737 2634 15.
