1902 3268
369 288 427 329 32
793 296 827 321 s.
872 294 1114 322 amussim
1156 294 1352 322 lsst‘iffllot'}

377 361 658 427 »patientiam
685 370 724 403 ct
746 358 1083 403 consolationem
1106 359 1433 422 Scripturarum
1453 377 1569 421 spem
1592 359 1750 403 hahea-

375 457 394 476 υ
412 450 505 479 mus
525 431 579 477 ad
608 432 745 475 Deum
766 428 799 473 ¹.
818 450 837 468 υ
858 428 978 484 Quid
1000 439 1141 472 autem
1161 445 1270 491 opus
1295 440 1381 474 erat
1412 439 1458 473 ut
1481 431 1571 491 ipse
1592 427 1748 473 Domi-

373 521 454 551 nus
480 503 601 548 Jesus
627 516 711 544 non
745 498 883 543 solum
906 497 1068 543 diceret
1090 515 1100 542 ε
1129 519 1148 538 α
1166 499 1291 544 'l‘unc
1311 499 1416 558 justi
1439 498 1671 558 fulgebunt
1689 497 1749 542 si·-

377 596 396 615 ι»
417 583 492 619 cut
509 570 586 617 soli
606 569 650 614 in
670 585 799 627 regno
823 567 961 611 Patris
982 569 1047 612 sui
1071 567 1108 622 ᾖ,
1141 588 1161 608 ›>
1183 567 1301 630 quod
1331 579 1430 631 post
1454 568 1603 613 saeculi
1621 569 1750 612 finem

374 644 571 692 futurum
596 650 680 693 est3
726 637 1007 684 verumetiam
1040 636 1325 683 exclamaret:
1354 660 1374 679 κ
1400 638 1475 684 Vae
1496 638 1659 684 mundo
1698 637 1753 683 ab

379 738 397 758 n
416 711 660 764 scandalis⁵
683 727 693 755 ε
717 732 735 752 »
760 708 840 754 nisi
861 719 908 754 ut
928 708 1053 754 nobis
1082 725 1168 753 non
1191 707 1492 754 blandiremur
1516 709 1659 755 venire
1678 724 1755 753 nos

376 802 502 851 posse
526 782 579 830 ad
601 781 717 827 sedes
739 780 955 826 felicitatis
976 791 1167 834 aeternas,
1190 780 1269 825 nisi
1294 779 1608 842 temporalibus
1634 778 1756 825 malis

376 854 548 904 exerciti
581 869 667 897 non
708 849 1019 896 defecerimus?
1066 849 1185 906 Quid
1212 866 1322 913 opus
1360 850 1443 895 fuit
1479 861 1526 895 ut
1562 849 1754 895 diceret:

378 950 396 969 α
413 924 632 984 Quoniam
649 919 899 967 abundabit
918 920 1140 984 iniquitaS,
1165 920 1410 981 refrigescet
1433 921 1626 966 charitas
1647 919 1760 966 mul-

379 1021 399 1040 »
414 1009 554 1044 torum
573 1012 583 1039 t
600 992 709 1038 »nisi
729 1002 776 1037 ut
791 991 853 1038 illi
866 991 1091 1056 dequibus
1112 992 1320 1037 continuo
1337 991 1510 1038 locutus
1530 991 1726 1052 adjunxit
1746 1008 1756 1035 ε

381 1091 400 1111 «
427 1067 515 1126 Qui
541 1062 876 1130 perseveraverit
903 1079 1037 1127 usque
1063 1064 1106 1108 in
1142 1064 1273 1109 finem
1290 1101 1301 1119 ,
1325 1063 1400 1108 hic
1423 1062 1565 1109 salvus
1583 1061 1716 1118 erith,
1742 1083 1762 1102 »

381 1157 481 1186 cum
506 1139 590 1183 hac
623 1135 865 1201 iniquitatis
896 1133 1166 1180 abundantia
1197 1134 1539 1194 refrigescentem
1569 1133 1764 1180 charita-

379 1223 466 1258 tem
502 1207 723 1262 viderent,
756 1224 842 1251 non
872 1205 1260 1269 perturbarentur,
1292 1222 1377 1250 non
1409 1214 1761 1268 expavescerent,

381 1299 467 1328 non
489 1279 609 1344 quasi
634 1278 763 1323 rebus
786 1276 1015 1340 insperatis
1042 1287 1084 1321 et
1108 1276 1343 1340 inopinatis
1369 1275 1612 1321 contristati
1653 1274 1766 1320 defi-

382 1362 553 1405 cerent3
577 1348 649 1395 sed
672 1349 819 1412 potius
836 1346 1028 1393 videntes
1045 1346 1255 1401 accidere,
1280 1363 1378 1410 quae
1391 1344 1540 1391 futura
1555 1343 1768 1410 praedicta

383 1434 485 1470 sunt
521 1431 618 1467 ante
642 1420 789 1472 finem,
813 1418 1024 1483 patienter
1047 1427 1371 1481 perseverarent
1396 1433 1531 1481 usque
1551 1416 1597 1462 in
1621 1417 1767 1474 finem,

385 1507 434 1543 ut
457 1492 595 1541 securi
638 1501 904 1538 mererentur
928 1507 1105 1551 regnare
1130 1501 1230 1555 post
1250 1491 1380 1536 finem
1402 1489 1448 1535 in
1471 1507 1519 1535 ea
1536 1487 1642 1545 vita,
1668 1504 1770 1552 quae

382 1584 470 1613 non
488 1565 625 1612 habet,
642 1562 787 1608 finem.

454 1637 513 1684 ΙΙ.
538 1631 743 1690 Proinde,
767 1630 1024 1688 charissimi,
1041 1630 1085 1676 in
1109 1630 1190 1676 isto
1215 1629 1438 1685 scandalo,
1457 1647 1547 1694 quo
1568 1628 1622 1680 de
1642 1628 1773 1675 Boni-

385 1707 499 1755 sacio
519 1704 773 1769 presbytero
804 1701 1004 1747 nonnulli
1048 1701 1385 1764 perturbantur,
1412 1717 1500 1745 non
1523 1699 1650 1746 vobis
1671 1699 1772 1745 dico

390 1790 540 1826 utnon
569 1774 763 1820 doleatis.
793 1772 881 1828 Qui
905 1771 1017 1816 enim
1044 1771 1122 1816 ista
1150 1788 1237 1816 non
1262 1769 1428 1825 dolent,
1459 1787 1548 1815 non
1567 1780 1628 1815 est
1651 1769 1694 1815 in
1716 1770 1775 1816 eis

388 1847 581 1896 charitas
621 1843 816 1890 Christi:
858 1843 935 1904 qui
971 1851 1112 1887 autem
1137 1841 1266 1886 etiam
1298 1840 1352 1886 de
1381 1839 1542 1885 talibus
1563 1839 1770 1899 gaudent,

391 1917 590 1968 abundat
608 1916 651 1960 in
679 1913 738 1959 eis
762 1911 1005 1971 malignitas
1022 1910 1208 1957 diaboli.
1237 1911 1335 1956 Non
1360 1909 1517 1973 quiain
1536 1920 1774 1959 memorato

390 1989 648 2056 presbytero
675 1982 883 2047 apparuit
911 1981 1097 2045 aliquid,
1132 1980 1250 2044 quod
1289 1980 1473 2040 dignum
1495 1979 1776 2030 damnatione

384 2060 683 2124 judicaretur3
707 2053 781 2099 sed
805 2053 908 2116 quia
930 2052 1018 2098 duo
1043 2051 1097 2097 de
1120 2051 1252 2097 domo
1276 2062 1422 2098 nostra
1447 2051 1575 2098 talem
1604 2051 1777 2100 habent

395 2147 589 2185 causam,
613 2137 662 2173 ut
687 2142 799 2172 unus
822 2141 972 2170 eorum
993 2124 1082 2169 sine
1099 2122 1238 2169 dubio
1258 2123 1454 2186 perditus
1477 2123 1712 2178 habeatur,
1736 2131 1778 2169 et

395 2206 453 2252 sit
477 2200 651 2249 alterius
670 2197 784 2244 sama
808 2195 925 2260 apud
945 2195 1158 2260 quosdam
1180 2194 1312 2250 mala,
1333 2194 1453 2258 apud
1466 2193 1678 2258 quosdam
1699 2193 1780 2242 du-

399 2276 491 2329 hia,
537 2269 704 2317 etiamsi
741 2284 828 2313 non
852 2268 905 2312 sit
936 2266 1150 2312 maculata
1191 2266 1470 2312 conscientia.
1503 2265 1657 2312 Dolete
1680 2265 1779 2321 ista,

396 2343 605 2411 quoniam
627 2338 814 2386 dolenda
833 2348 932 2384 sunt
957 2355 968 2382 ι
989 2354 1076 2382 non
1103 2348 1245 2382 tamen
1266 2336 1378 2382 sicut
1403 2354 1452 2382 eo
1472 2335 1621 2383 dolore
1641 2345 1780 2383 vestra

400 2415 592 2464 charitas
617 2430 638 2457 a
657 2411 767 2456 bene
784 2408 970 2457 vivendo
992 2407 1257 2467 refrigescat,
1281 2407 1353 2453 sed
1373 2407 1520 2471 potius
1547 2407 1602 2454 ad
1624 2406 1780 2454 Domi&

401 2504 504 2538 num
533 2480 862 2547 deprecandum
890 2478 1159 2533 inardescat;
1180 2489 1228 2524 ut
1248 2478 1282 2523 si
1299 2478 1508 2524 innocens
1523 2488 1586 2528 est
1601 2477 1782 2541 presby-

400 2571 463 2607 ter
483 2566 639 2610 vester,
668 2551 789 2617 quod
806 2552 942 2612 magis
965 2550 1114 2606 credo,
1139 2549 1241 2613 quia
1263 2566 1363 2600 cum
1390 2549 1583 2601 sensisset
1607 2548 1782 2601 alterius

447 2642 569 2672 lrxoin.
592 2648 640 2675 xv,
666 2642 694 2673 ft.
712 2653 755 2659 ’-
776 2634 790 2656 ‘¹¹
809 2633 924 2666 Mauh.
947 2645 1023 2670 xxii.
1049 2631 1497 2672 4·3.n-131d..xx1n,7.-
1515 2630 1527 2654 4
1546 2631 1592 2666 Id.
1613 2643 1703 2671 xxiv,
1727 2632 1779 2662 13.
