1902 3268
329 318 419 363 522
736 332 770 363 s.
816 331 1062 364 averterim
1098 332 1300 367 EPlscoP!

324 410 421 472 quis
445 408 623 472 pulchri
646 409 823 472 aptique
838 409 1086 455 distantiam
1107 424 1298 473 sparsam
1313 407 1504 474 quodam
1517 411 1706 458 modoin

326 479 600 525 universitate
627 495 769 523 rerum
813 478 951 535 valet,
992 496 1131 542 neque
1173 480 1351 540 negligit
1391 481 1564 529 intueri.>
1595 481 1706 528 Pul-

325 549 482 594 chrum
506 549 620 594 enim
657 554 735 611 per
769 565 810 594 se
834 550 980 612 ipsum
1013 549 1315 596 consideratur
1336 562 1464 615 atque
1480 551 1704 610 laudatur,

327 623 397 665 cui
423 626 551 682 turpe
588 636 637 665 ac
660 618 852 665 deforme
876 621 1147 666 contrarium
1189 631 1264 668 est.
1292 625 1459 685 Aptum
1485 639 1604 679 vero,
1637 623 1710 670 cui

324 707 370 736 ex
394 689 572 736 adverso
598 700 660 735 est
696 691 915 754 ineptum,
943 691 1064 755 quasi
1086 691 1312 752 religatum
1331 692 1494 756 pendet
1518 693 1708 752 aliunde,

326 777 404 806 nec
431 778 479 806 ex
507 761 751 822 semetipso,
793 761 866 806 sed
896 779 942 807 ex
961 778 1010 807 eo
1034 762 1105 807 cui
1130 762 1425 820 connectitur,
1446 763 1674 823 judicatur
1695 770 1707 809 ὲ

329 830 537 877 nimirum
570 831 699 876 etiam
721 831 875 877 decens
889 842 1019 895 atque
1041 831 1261 889 indecens,
1291 833 1358 880 vel
1382 833 1468 879 hoc
1492 833 1605 880 idem
1629 844 1710 891 est,

328 900 395 945 vel
419 899 600 963 perinde
628 900 831 947 habetur.
854 903 941 962 Age
962 919 1081 948 nunc
1099 920 1145 949 ea
1165 919 1265 966 quae
1291 903 1495 961 diximus,
1520 904 1632 951 refer
1657 903 1713 950 ad

323 968 432 1015 illud
451 969 565 1015 unde
586 971 738 1030 agitur.
774 973 940 1034 Aptum
959 972 1044 1017 fuit
1062 973 1214 1036 primis
1236 974 1511 1037 temporibus
1540 975 1713 1021 sacrifi-

323 1041 456 1097 cium,
474 1040 595 1105 quod
611 1052 881 1105 praeceperat
900 1044 1031 1100 Deus,
1045 1061 1163 1089 nunc
1181 1062 1281 1090 vero
1300 1062 1387 1090 non
1405 1045 1463 1091 ita
1480 1056 1555 1093 est.
1582 1044 1713 1092 Aliud

322 1111 437 1156 enim
475 1112 715 1175 praecepit,
744 1111 865 1175 quod
902 1113 1009 1159 huic
1038 1115 1225 1177 tempori
1259 1126 1411 1177 aptum
1456 1126 1588 1172 esset,
1638 1116 1714 1179 qui

325 1181 463 1228 multo
484 1183 620 1242 magis
646 1199 778 1245 quam
800 1183 934 1229 homo
959 1184 1081 1230 novit
1098 1185 1208 1248 quid
1236 1186 1396 1248 cuique
1425 1186 1611 1249 tempori
1637 1202 1715 1231 ac—

325 1252 602 1299 commodate
626 1253 912 1309 adliibeatur3
940 1254 1049 1318 quid
1073 1255 1251 1319 quando
1280 1256 1523 1319 impertiat,
1549 1255 1710 1312 addat,

328 1322 511 1380 auferat,
536 1323 758 1379 detrahat,
787 1335 959 1385 augeat,
990 1325 1231 1382 minuatve,
1256 1326 1544 1373 immutabilis
1568 1336 1716 1373 muta-

329 1394 488 1440 bilium
516 1395 628 1440 sicut
648 1401 817 1441 creator
838 1396 897 1441 ita
916 1396 1181 1453 moderator,
1202 1396 1342 1443 donec
1365 1397 1553 1443 universi
1569 1395 1717 1443 saeculi

330 1465 638 1528 pulchritudo,
667 1469 793 1526 cujus
818 1467 1048 1530 particulae
1074 1479 1193 1525 sunt,
1227 1482 1329 1532 quae
1359 1469 1446 1514 suis
1467 1468 1717 1532 quibusque

328 1536 601 1599 temporibus
628 1546 728 1599 apta
750 1547 867 1594 sunt,
899 1537 1018 1585 velut
1041 1555 1248 1599 magnum
1282 1556 1457 1584 carmen
1485 1536 1715 1598 cujusdam

327 1606 557 1652 ineffabilis
576 1606 864 1653 modulatoris
891 1619 1108 1665 excurrat,
1133 1619 1261 1672 atque
1280 1608 1382 1654 inde
1403 1618 1623 1654 transeant
1663 1607 1708 1653 in

326 1686 534 1722 aeternam
559 1677 973 1741 contemplationem
997 1680 1154 1742 speciei
1179 1679 1255 1743 qui
1277 1680 1417 1725 Deum
1442 1679 1522 1725 rite
1537 1678 1713 1735 colunt,

327 1747 453 1793 etiam
472 1765 573 1794 cum
599 1759 772 1812 tempus
792 1759 855 1795 est
876 1749 994 1796 fidei.

397 1819 473 1865 Vl.
506 1818 736 1865 Falluntur
750 1830 894 1866 autem
906 1821 983 1884 qui
1002 1820 1264 1876 existimant,
1290 1820 1387 1866 haec
1405 1820 1545 1866 Deum
1562 1819 1720 1880 jubere

329 1906 456 1935 causa
477 1905 566 1936 suae
591 1890 792 1936 utilitatis
819 1891 887 1937 vel
912 1891 1164 1955 voluptatis
1209 1891 1264 1936 Et
1292 1891 1446 1937 merito
1466 1901 1715 1951 moventur,

332 1977 411 2006 cur
429 1962 545 2005 Deus
560 1960 637 2006 ista
652 1962 900 2019 mutaverit,
926 1963 1047 2025 quasi
1067 1962 1353 2008 delectatione
1372 1961 1574 2008 mutabili
1598 1960 1720 2008 aliud

329 2031 589 2090 sibiJ'ubens
612 2032 753 2077 offerri
773 2032 847 2077 illo
868 2033 990 2096 prius
1014 2043 1227 2096 tempore,
1257 2031 1374 2078 aliud
1396 2033 1491 2079 isto.
1517 2033 1616 2078 Non
1640 2047 1720 2078 au-

332 2112 416 2147 tem
435 2101 495 2147 ita
521 2112 598 2148 est.
633 2102 755 2148 Nihil
773 2104 1030 2163 Deusjubet
1045 2103 1163 2167 quod
1187 2103 1270 2148 sibi
1293 2104 1447 2166 prosit,
1475 2102 1549 2148 sed
1574 2101 1637 2148 illi
1649 2102 1721 2148 cui

323 2171 465 2232 jubet.
495 2171 600 2217 Ideo
616 2189 739 2218 verus
764 2183 826 2219 est
848 2176 1079 2230 Dominus,
1104 2174 1182 2238 qui
1206 2191 1329 2219 servo
1343 2187 1432 2219 non
1458 2173 1644 2234 indiget,
1680 2182 1722 2219 et

329 2259 417 2307 quo
438 2259 583 2288 servus
603 2243 782 2304 indiget.
813 2245 864 2291 In
881 2262 927 2291 ea
945 2245 1112 2310 quippe
1138 2245 1370 2308 Scriptura
1384 2261 1484 2308 quae
1502 2244 1636 2290 Vetus
1657 2242 1722 2289 di-

331 2314 446 2361 citur
464 2314 812 2371 Testamentum,
841 2326 881 2361 et
894 2333 943 2361 eo
965 2326 1159 2379 tempore
1180 2332 1269 2379 quo
1286 2315 1433 2361 adbuc
1463 2314 1537 2360 illa
1568 2314 1723 2360 offere-

328 2385 490 2431 bantur
504 2385 735 2443 sacrificia,
755 2403 856 2450 quae
870 2387 957 2433 hoc
974 2397 1167 2450 tempore
1188 2404 1274 2432 non
1289 2387 1533 2432 offeruntur
1554 2384 1722 2431 dictum

335 2466 398 2501 est
420 2474 431 2501 ε
460 2477 481 2497 «
500 2455 598 2501 Dixi
614 2457 822 2515 Domino,
846 2460 962 2504 Deus
978 2475 1096 2504 meus
1110 2474 1152 2504 es
1176 2467 1242 2514 tu,
1268 2457 1479 2521 quoniam
1503 2457 1724 2502 bonorum

330 2549 350 2567 »
372 2542 567 2573 meorum
604 2544 692 2573 non
718 2545 812 2589 eges
830 2529 861 2576 1.
886 2551 906 2571 »
938 2530 1029 2575 Nec
1054 2529 1228 2575 illorum
1271 2545 1373 2588 ergo
1408 2527 1724 2573 sacrificiorum

326 2597 479 2657 egebat
519 2598 653 2646 DeuS.
688 2617 766 2645 nec
793 2604 1053 2664 cujusquam
1097 2611 1192 2660 eget
1228 2616 1439 2662 unquam,
1466 2598 1539 2645 sed
1580 2613 1724 2644 rerum

377 2681 386 2701 ¹
433 2678 475 2710 sal
495 2688 544 2715 xv,
568 2690 599 2711 α.
