1902 3268
378 289 467 354 178
785 306 817 335 s.
864 305 1104 335 sconsum
1143 305 1345 335 flelscori

371 371 501 435 plane
514 388 699 435 semper,
718 381 759 415 et
784 370 886 415 mali
910 371 1125 433 persecuti
1149 382 1248 417 sunt
1265 372 1420 427 bonos,
1454 381 1494 416 et
1514 369 1619 417 boni
1645 384 1749 434 per-

370 442 505 489 secuti
528 452 628 487 sunt
648 440 807 486 malos:
843 440 902 485 illi
928 441 1126 487 nocendo
1162 460 1238 504 per
1265 442 1536 501 injustitiam.
1556 441 1616 487 illi
1641 457 1750 486 con-

371 512 554 558 sulendo
582 528 659 574 per
683 509 960 575 disciplinam
983 528 992 555 ε
1015 511 1075 556 illi
1104 512 1373 561 immaniter.
1414 512 1472 558 illi
1502 524 1749 575 tmnperan-

370 594 474 628 ter:
504 581 567 628 illi
592 581 820 628 servientes
853 581 1113 645 cupiditati,
1159 582 1218 627 illi
1253 583 1470 628 charitati.
1523 584 1632 628 Nam
1675 582 1749 645 qui

369 652 580 709 trucidat,
603 669 691 699 non
709 651 954 698 considerat
977 652 1348 716 quemadmodum
1379 654 1507 699 laniet
1532 671 1541 698 ε
1579 652 1654 717 qui
1672 668 1751 698 au-

369 734 457 770 tem
489 733 642 779 curat,
681 722 924 769 considerat
956 722 1327 786 quemadmodum
1364 734 1507 768 secet:
1543 723 1613 769 ille
1637 723 1749 768 enim

369 794 645 859 persequitur
671 794 914 849 sanitatem,
939 794 1314 857 illeputredinem.
1338 793 1610 839 Occiderant
1627 792 1751 856 impii

369 865 641 928 Prophetas,
671 864 929 911 occiderunt
962 865 1119 927 impios
1144 874 1183 910 et
1208 863 1456 926 Prophetae.
1487 861 1752 923 Flagellave-

370 944 479 983 runt
510 936 654 982 Judaei
681 935 932 993 Christum,
957 936 1132 981 =ludaeos
1158 934 1406 996 flagellavit,
1447 945 1489 980 et
1530 934 1747 980 Christus.

372 1005 542 1053 Traditi
560 1017 660 1052 sunt
695 1005 893 1069 Apostoli
928 1006 983 1051 ab
1006 1006 1260 1051 hominihus
1292 1005 1495 1068 potestati
1521 1004 1750 1059 burnanae,

368 1076 648 1124 tradiderunt
671 1088 712 1122 et
734 1076 930 1139 Apostoli
950 1075 1148 1121 homines
1167 1077 1369 1139 potestati
1402 1077 1587 1122 Satanae.
1618 1075 1668 1119 In
1686 1072 1754 1119 his

367 1148 573 1196 omnibus
596 1146 703 1211 quid
738 1145 994 1201 attenditur,
1031 1145 1113 1191 nisi
1138 1146 1236 1209 quis
1257 1162 1404 1191 eorum
1427 1162 1508 1208 pro
1555 1145 1750 1199 veritate,

375 1218 473 1282 quis
496 1234 579 1281 pro
597 1217 844 1280 iniquitate,
866 1215 963 1279 quis
980 1215 1167 1262 nocendi
1188 1231 1336 1272 causa,
1362 1216 1436 1278 qui
1465 1213 1754 1261 emendandi?

432 1288 510 1336 IX.
543 1289 642 1335 Non
664 1289 887 1334 invenitur
903 1285 1147 1350 exemplum
1169 1286 1212 1332 in
1238 1286 1496 1347 evangelicis
1513 1297 1554 1331 et
1579 1294 1756 1348 aposto-

371 1359 468 1408 licis
489 1358 662 1414 litteris,
688 1358 851 1422 aliquid
870 1358 1053 1421 petitum
1073 1375 1096 1403 a
1114 1357 1288 1417 regibus
1303 1367 1426 1403 terrae
1442 1373 1525 1420 pro
1543 1355 1753 1407 Ecclesia,

372 1440 525 1480 contra
554 1429 756 1476 inimicos
791 1429 1013 1475 licclesiae.
1048 1428 1136 1484 Qui
1167 1438 1291 1487 negat
1310 1445 1395 1473 non
1418 1427 1632 1474 inveniri?
1672 1424 1757 1472 Sed

370 1499 569 1548 nondum
593 1499 863 1563 implebatur
885 1499 956 1545 illa
984 1498 1219 1563 prophetia
1248 1515 1259 1544 τ
1288 1519 1307 1539 «
1337 1499 1390 1544 Et
1419 1515 1534 1544 nunc
1558 1496 1754 1557 regesin-

370 1593 391 1614 »
406 1570 604 1632 telligite,
621 1570 857 1618 erudimini
876 1570 952 1633 qui
967 1569 1172 1630 judicatis
1194 1579 1348 1616 terram
1367 1589 1377 1623 ς
1396 1569 1550 1616 servite
1567 1568 1758 1615 Domino

372 1641 450 1688 »in
465 1641 620 1690 timore
640 1639 674 1688 1.
701 1661 721 1682 ›>
735 1640 895 1686 Adhuc
913 1641 1027 1686 enim
1046 1638 1157 1686 illud
1182 1639 1468 1703 implebatur,
1488 1638 1609 1703 quod
1625 1638 1671 1684 in
1690 1654 1760 1684 eo·

371 1712 471 1762 dem
492 1712 666 1761 Psalmo
686 1712 819 1776 paulo
834 1712 1032 1776 superius
1055 1710 1217 1758 dicitur
1240 1728 1250 1757 :
1274 1732 1294 1753 «
1321 1711 1470 1769 Quare
1487 1710 1760 1757 fremuerunt

374 1806 397 1828 ›>
411 1794 580 1845 gentes,
607 1794 648 1830 et
667 1784 825 1848 populi
845 1783 1041 1830 meditati
1054 1793 1153 1830 sunt
1176 1782 1350 1829 inania?
1377 1782 1760 1842 Astisteruntreges

376 1878 398 1898 ›>
414 1866 558 1910 terrae,
574 1865 616 1900 et
636 1854 860 1917 principes
875 1863 1174 1900 convenerunt
1187 1854 1230 1899 in
1245 1869 1381 1899 unum
1397 1853 1597 1900 adversus
1612 1851 1762 1899 Domi-

372 1948 394 1971 »
410 1943 533 1981 num,
555 1936 597 1972 et
616 1926 820 1971 adversus
844 1925 1068 1970 Christum
1095 1925 1231 1984 ejus2'.
1257 1925 1567 1971 Verumtamen
1590 1923 1622 1969 si
1647 1923 1760 1969 facta

375 1996 598 2061 praeterita
617 1995 660 2041 in
678 1995 949 2058 propheticis
974 1994 1096 2040 libris
1117 1996 1269 2053 figurae
1294 1994 1469 2040 fuerunt
1490 1994 1757 2048 futurorum,

378 2068 423 2114 in
443 2083 539 2126 rege
556 2065 649 2122 illo,
673 2067 748 2129 qui
763 2064 1070 2128 appellabatur
1090 2064 1514 2122 Nabuchodonosor,
1527 2074 1763 2126 utrumque

381 2150 553 2200 tempus
579 2137 814 2196 figuratum
835 2146 913 2191 est,
942 2146 984 2181 et
1019 2134 1140 2200 quod
1160 2136 1243 2181 sul)
1271 2135 1490 2199 Apostolis
1514 2134 1691 2190 habuit,
1722 2142 1763 2178 et

379 2208 500 2272 quod
523 2224 641 2253 nunc
667 2207 802 2252 habet
824 2206 1030 2253 Ecclesia.
1066 2206 1359 2270 Temporibus
1393 2207 1542 2270 itaque
1572 2211 1762 2269 Aposto-

378 2279 521 2325 lorum
540 2278 839 2341 etMartyrum
865 2276 975 2323 illud
994 2277 1265 2341 implebatur
1276 2277 1396 2340 quod
1425 2278 1657 2338 figuratum
1680 2283 1758 2331 est,

379 2349 558 2413 quando
583 2366 652 2395 rex
679 2360 938 2394 memoratus
963 2349 1057 2412 pios
1071 2359 1112 2394 et
1131 2353 1270 2408 justos
1293 2349 1478 2408 cogebat
1502 2347 1680 2393 adorare
1700 2345 1762 2391 si-

381 2420 645 2476 mulacrum,
676 2432 719 2466 et
760 2430 1004 2466 recusantes
1042 2419 1087 2465 in
1121 2420 1341 2466 flammam
1386 2419 1600 2465 mittebat.
1636 2417 1763 2463 Nunc

381 2502 523 2538 autem
556 2491 667 2537 illud
712 2491 920 2555 impletur
944 2491 1062 2555 quod
1088 2491 1220 2555 paulo
1244 2501 1343 2554 post
1362 2490 1403 2536 in
1431 2489 1580 2535 eodem
1606 2504 1701 2548 rege
1713 2488 1762 2533 fi-

381 2571 581 2621 guratum
608 2571 687 2617 est,
712 2578 811 2607 cnm
842 2579 1074 2608 conversus
1099 2561 1153 2608 ad
1181 2559 1487 2607 honorandum
1516 2561 1655 2606 Deum
1680 2574 1757 2607 ve-

429 2644 535 2677 ¹Psa1.
555 2655 585 2682 n,
611 2654 658 2677 10.
679 2662 719 2668 —-
740 2643 753 2665 '2
769 2644 849 2677 thid.
877 2655 902 2674 1.
