1902 3268
631 302 844 333 Erlsrom.
880 303 999 333 Lxxr.
1444 291 1503 354 37

197 369 270 416 IV.
303 371 394 431 Ego
414 387 513 417 sane
536 379 576 415 te
597 369 768 415 mallem
794 386 955 429 graecas
972 369 1118 432 potius
1134 370 1363 416 canonicas
1381 373 1507 418 nobis

129 440 401 503 interpretari
439 441 716 504 Scripturas,
750 458 852 504 quae
891 441 1179 504 Septuaginta
1218 441 1506 504 interpretum

130 509 434 572 perhibentur.
457 511 703 557 Perdurum
719 512 798 556 erit
815 512 927 557 enini
943 549 952 563 ,
973 512 1004 556 si
1023 522 1092 557 tua
1110 511 1407 575 interpretatio
1429 531 1508 576 per

129 579 288 625 multas
324 581 536 627 Ecclesias
569 580 841 644 frequentius
875 582 1059 644 ‹toeperit
1089 581 1302 638 lectitari,
1340 584 1461 646 quod
1486 602 1508 629 a

129 650 279 709 graecis
291 651 493 697 Ecclesiis
505 651 652 697 latinae
666 651 870 697 Ecclesiae
885 651 1170 696 dissonabunt
1187 689 1196 705 ‚
1216 654 1397 697 maxime
1408 654 1512 716 quia

127 718 254 766 facile
282 721 578 767 contradictor
606 721 885 767 convincitur
920 737 1064 780 graeco
1095 721 1267 783 prolato
1293 722 1406 767 libro
1425 759 1435 778 ‚
1463 723 1508 768 id

129 800 216 846 est,
254 790 415 851 linguae
441 793 690 838 notissimae.
724 791 934 854 Quisquis
959 801 1102 836 autem
1137 792 1181 836 in
1215 808 1290 847 co‚
1319 792 1437 855 quod
1461 810 1510 838 ex

129 859 309 907 hebraeo
333 864 588 908 translatum
612 872 672 907 est
691 898 700 916 ‚
732 862 879 925 aliquo
899 862 1074 907 insolito
1100 873 1323 925 permotus
1346 864 1476 910 suerit
1494 902 1504 921 ,

128 941 170 976 et
193 930 290 978 falsi
319 933 483 978 crimen
508 932 770 986 intenderit3
797 933 867 979 vix
905 943 977 977 aut
1003 950 1229 995 nunquam
1254 934 1305 979 ad
1333 935 1512 980 hebraea

132 1002 374 1048 testimonia
423 1003 717 1067 pervenietur,
764 1003 928 1066 quibus
969 1003 1228 1049 defendatur
1268 1006 1504 1065 objectum.

134 1071 266 1129 Quod
300 1073 334 1118 si
367 1074 497 1144 etiarn
534 1083 793 1137 perventum
824 1072 983 1128 fuerit,
1024 1084 1088 1118 tot
1112 1074 1266 1119 latinas
1291 1087 1332 1120 et
1352 1093 1513 1135 graecas

129 1143 408 1190 auctoritates
428 1145 629 1191 damnari
650 1145 746 1207 quis
760 1143 901 1190 ferat?
924 1144 1024 1190 Huc
1050 1145 1239 1201 accedit,
1262 1146 1364 1208 quia
1383 1147 1514 1194 etiam

128 1214 316 1260 consulti
350 1216 528 1262 Hebraei
558 1225 742 1278 possunt
768 1214 887 1260 aliud
922 1215 1216 1278 respondere:
1242 1227 1289 1262 ut
1318 1228 1363 1262 tu
1396 1218 1512 1264 solus

127 1286 387 1331 necessarius
412 1286 597 1332 videaris
615 1323 626 1342 ,
654 1286 729 1349 qui
754 1286 883 1330 etiam
914 1286 1029 1348 ipsos
1058 1287 1193 1350 possis
1218 1288 1475 1334 convincere
1497 1307 1508 1333 :

127 1354 200 1400 sed
226 1365 370 1402 tamen
389 1372 477 1419 quo
496 1355 646 1415 judice
676 1355 834 1401 mirum
860 1356 894 1400 si
916 1357 1108 1419 potueris
1131 1357 1335 1403 invenire.

193 1425 244 1471 V.
282 1426 391 1472 Nam
417 1426 599 1491 quidam
620 1425 754 1472 frater
770 1436 914 1471 noster
931 1428 1179 1490 episcopus,
1210 1444 1311 1473 cum
1331 1427 1517 1475 lectitari

127 1494 379 1542 instituisset
392 1496 437 1542 in
459 1496 668 1554 Ecclesia,
689 1496 760 1542 cui
773 1507 946 1559 praeest,
963 1497 1362 1561 interpretationem
1377 1510 1513 1560 tuam,

127 1566 265 1613 movit
288 1567 500 1631 quiddam
520 1567 646 1627 longe
670 1567 795 1613 aliter
816 1567 894 1613 abs
918 1578 958 1613 te
982 1570 1171 1632 positum
1199 1570 1320 1632 apud
1350 1571 1510 1618 Jonam

128 1637 452 1701 prophetam43
474 1655 607 1702 quam
628 1648 718 1684 erat
739 1638 937 1684 omnium
963 1640 1158 1685 sensibus
1200 1641 1510 1705 memoriaeque

128 1708 411 1754 inveteratum
427 1746 438 1766 ‚
470 1719 521 1754 et*
544 1719 609 1754 tot
646 1719 824 1754 aetatum
843 1710 1188 1756 successionibus
1210 1710 1504 1759 decantatum.

131 1780 286 1824 Factus
307 1789 369 1825 est
395 1789 538 1825 tantus
559 1778 776 1824 tumultus
798 1779 842 1824 in
869 1779 1015 1842 plebe,
1055 1781 1238 1826 maxime
1261 1782 1412 1841 graecis
1437 1800 1511 1827 ar-

129 1848 364 1909 guentibus
384 1858 427 1894 et
449 1848 790 1894 inclamantibus
820 1849 1084 1895 calumniam
1121 1849 1333 1907 falsitatis,
1362 1863 1410 1898 ut
1433 1869 1512 1898 co·-

129 1931 300 1979 geretur
329 1919 562 1984 episcopus
595 1920 672 1983 (ea
706 1919 875 1983 quippe
917 1921 1070 1966 civitas
1095 1922 1214 1982 erat)
1251 1922 1511 1978 Judaeorum

127 1991 421 2037 testimonium
444 1991 653 2052 flagitare.
682 1991 838 2036 Utrum
856 2001 996 2037 autem
1016 1991 1080 2037 illi
1099 1992 1317 2055 imperitia
1334 2011 1387 2038 an
1413 2011 1510 2039 ma-

129 2061 239 2117 litia,
268 2073 354 2107 noc
380 2078 466 2107 esse
491 2061 537 2106 in
575 2061 766 2107 hebraeis
789 2060 1018 2106 codicibus
1045 2061 1361 2125 reponderunt,
1389 2064 1512 2127 quod

131 2142 172 2178 et
189 2131 320 2192 graeci
337 2142 379 2177 et
400 2131 527 2177 latini
564 2131 789 2177 habebant
813 2141 941 2195 atque
960 2131 1180 2179 dicebant.
1208 2133 1329 2190 Quid
1353 2133 1510 2196 plura?

133 2203 322 2248 Coactus
339 2213 402 2248 est
422 2203 558 2247 homo
579 2201 698 2248 velut
724 2201 1053 2247 mendositatem
1078 2202 1307 2262 corrigere,
1344 2203 1508 2261 volens,

130 2283 230 2337 post
247 2290 449 2333 magnum
467 2272 731 2336 periculum,
759 2289 847 2317 non
865 2289 1085 2318 remanere
1102 2272 1191 2317 sine
1214 2273 1356 2335 plebe.
1387 2274 1512 2320 Unde

132 2343 260 2389 etiam
285 2343 412 2388 nobis
444 2342 643 2392 videtur.
683 2342 918 2405 aliquando
942 2353 983 2388 te
1005 2359 1180 2406 quoque
1215 2344 1261 2388 in
1292 2344 1513 2390 nonnullis

131 2412 222 2459 falli
243 2413 445 2476 potuisse.
474 2415 530 2458 Et
567 2412 666 2459 vide
692 2412 779 2458 hoc
819 2413 949 2476 quale
971 2413 1042 2469 sit,
1069 2413 1114 2458 in
1146 2413 1204 2459 eis
1222 2412 1388 2472 litteris,
1411 2432 1511 2478 quae

132 2501 220 2530 non
250 2495 432 2549 possunt
471 2483 638 2531 collatis
676 2484 932 2531 usitatarum
968 2484 1217 2545 linguarum
1257 2486 1514 2532 testimoniis

131 2554 365 2601 emendari.

182 2639 192 2662 ¹
211 2641 306 2671 Joan.
325 2649 371 2678 tv,
386 2640 421 2670 6.
