1902 3268
351 278 437 337 2:34¹,
753 297 786 320 5.
833 293 1075 324 111101511511
1114 295 1316 326 ΕΡ150οΡ1

350 375 473 414 vero,
497 358 571 421 qui
605 367 721 402 tuam
750 374 917 403 mecum
952 358 1280 405 sincerissimam
1306 360 1580 410 dilectionem
1610 365 1726 412 mul-

350 439 439 474 tum
461 428 636 483 salutat,
664 445 741 489 per
768 428 1019 490 Hipponem
1046 430 1228 487 regium,
1257 431 1333 476 uhi
1359 449 1436 492 ego
1458 450 1552 480 sum
1572 472 1582 490 ,
1604 445 1726 480 tran-

347 499 427 544 sire
446 502 588 558 jussus
613 508 674 541 est
695 515 704 541 ε
737 497 839 559 quia
867 514 966 542 cum
990 497 1097 542 sorte
1121 499 1250 544 simul
1278 518 1462 547 essemus
1494 504 1537 548 in
1563 505 1728 564 magnis

349 569 552 614 Ecclesiae
573 567 929 612 tribulationibus
943 578 984 612 et
1001 569 1403 630 peturbationibus‚
1423 575 1728 634 quaerebamus

348 639 618 685 occasionem
638 637 856 683 scribendi
878 638 932 683 ad
960 639 1240 685 eximietatem
1261 651 1375 689 tuam
1397 678 1407 696 ,
1435 653 1476 686 et
1501 660 1585 689 non
1608 644 1730 689 inve-

347 709 582 755 niebamus.
609 712 705 753 Jam
728 708 905 772 quidem
933 726 1063 754 unam
1093 710 1332 772 Epistolam
1368 712 1563 758 miseram
1586 713 1630 758 in
1650 731 1731 758 ne-

347 780 464 839 gotio
489 779 624 824 sancti
651 779 794 824 fratris
811 789 850 823 et
872 778 1049 838 collegae
1079 780 1160 824 mei
1182 780 1397 825 Bonifacii
1424 782 1619 845 episcopi
1639 783 1732 829 Ca-

347 850 564 913 taquensis
583 870 594 902 ς
617 848 689 894 sed
715 849 910 894 nondum
927 849 981 895 ad
1000 867 1075 895 nos
1095 864 1379 913 pervenerant
1398 851 1610 910 graviora,
1633 870 1732 915 quae

349 939 425 965 nos
465 920 762 965 vehementius
802 920 1037 979 agitarent3
1084 921 1245 984 quibus
1284 921 1626 984 comprimendis
1662 923 1729 972 vel

347 989 611 1049 corrigendis
653 989 1026 1053 quemadmodum
1062 990 1237 1036 meliore
1276 991 1518 1037 secundum
1564 992 1732 1041 Christi

347 1062 462 1107 viam
483 1060 663 1106 coasilio
684 1072 990 1113 succurratur,
1015 1061 1290 1110 commodius
1311 1063 1505 1125 episcopi
1531 1063 1630 1125 (35)
1650 1062 1726 1126 qui

347 1142 577 1195 propterea
615 1132 952 1191 navigaverunt,
981 1149 1082 1177 cum
1108 1143 1226 1178 tanta
1253 1133 1519 1192 benignitate
1545 1134 1732 1180 1111001·-

347 1202 412 1250 dis
447 1202 587 1247 acturi
613 1212 736 1258 sunt,
766 1202 843 1265 qui
873 1213 1112 1265 potuerunt
1149 1203 1373 1247 communi
1404 1204 1584 1249 consilio
1621 1202 1727 1248 dili-

349 1273 517 1332 gentius
552 1272 840 1318 deliberatum
882 1273 1048 1335 aliquid
1087 1271 1226 1330 ferre,
1268 1283 1482 1334 quantum
1520 1273 1729 1335 temporis

348 1343 631 1406 permittebat
657 1343 866 1402 angustia.
896 1343 1012 1391 Illud
1041 1353 1181 1393 tamen
1207 1360 1294 1406 quo
1320 1343 1515 1388 animum
1547 1343 1735 1391 clemen-

348 1414 498 1459 tissimi
512 1424 553 1459 et
571 1413 874 1473 religiosissimi
891 1414 1105 1476 principis
1124 1431 1220 1472 erga
1244 1413 1481 1458 Ecclesiam
1502 1413 1733 1476 provincia

349 1484 516 1530 noverit
537 1521 546 1539 ‚
583 1484 702 1529 nullo
731 1484 862 1528 modo
886 1501 972 1529 esse
998 1483 1285 1529 differendum
1309 1521 1320 1539 ‚
1351 1483 1423 1528 sed
1451 1485 1578 1529 etiam
1605 1493 1729 1528 ante-

347 1571 478 1617 quam
495 1553 611 1617 epist
616 1570 739 1617 opos,
767 1554 843 1616 qui
862 1552 1045 1616 profecti
1065 1564 1182 1608 sunt,
1198 1553 1360 1607 videas,
1379 1571 1512 1617 quam
1534 1554 1731 1616 primum

352 1635 426 1669 tua
455 1624 809 1687 praesttntissima
832 1642 911 1687 pro
939 1624 1105 1669 Christi
1131 1623 1379 1670 meinbiis
1368 1641 1412 1668 in
1449 1624 1733 1673 tlibulatione

346 1695 530 1740 maxima
550 1694 1003 1755 constitutisvigilanti
1009 1713 1030 1740 a
1049 1695 1259 1757 potuerit,
1279 1694 1612 1741 accelerandum
1632 1711 1730 1753 sug-

347 1782 462 1825 ger‚o
486 1775 600 1828 peto,
626 1765 838 1819 obsemo,
852 1733 1071 1824 t’flagitat
1057 1766 1209 1829 Neque
1233 1764 1344 1809 enim
1372 1782 1559 1827 parvum
1587 1765 1632 1814 in
1657 1764 1726 1813 his

348 1836 470 1882 malis
502 1835 703 1881 solatium
743 1801 955 1881 Dominus
982 1834 1144 1881 obtulit
1167 1873 1177 1891 ‚
1218 1835 1340 1898 quod
1367 1846 1404 1880 te
1427 1835 1566 1881 voluit
1591 1835 1738 1881 multo

347 1907 534 1970 amplius
557 1924 680 1970 posse
701 1923 836 1970 quam
863 1917 1050 1970 poteras,
1079 1905 1361 1968 quandojam
1389 1905 1442 1950 (10
1487 1905 1572 1951 tuis
1592 1905 1739 1956 multis

354 1996 403 2023 ac
428 1978 593 2037 magnis
615 1977 824 2038 operibus
850 1976 975 2021 honis
1000 1975 1315 2034 gaudebamus.

415 2049 490 2095 IV.
509 2047 698 2094 Multum
726 2063 825 2091 sane
840 2045 893 2090 (le
907 2044 1223 2108 quorumdam,
1238 2061 1378 2107 neque
1393 2061 1635 2107 paucorum
1651 2045 1739 2091 fide

351 2120 475 2164 firma
500 2129 541 2163 et
567 2116 712 2162 stabili
736 2115 1022 2176 gratulamur,
1046 2114 1124 2178 qui
1148 2132 1193 2160 ex
1217 2113 1443 2163 occasione
1470 2115 1612 2174 legum
1628 2115 1740 2178 ipsa-

351 2207 447 2236 rum
469 2188 522 2234 ad
541 2187 822 2233 christianam
845 2186 1094 2246 religionem
1110 2185 1176 2231 vel
1196 2183 1462 2232 catholicam
1476 2203 1629 2248 pacem
1641 2203 1739 2232 con-

353 2254 459 2308 versi
480 2269 606 2311 sunt3
635 2275 715 2321 pro
732 2273 919 2319 quorum
946 2255 1082 2301 salute
1096 2256 1357 2318 sempiterna
1380 2271 1457 2299 nos
1477 2255 1521 2301 in
1539 2255 1624 2304 hac
1638 2266 1742 2300 tem.-

350 2329 495 2395 porali
516 2329 644 2373 etiam
666 2326 905 2391 periclitari
930 2325 1130 2372 delectat.
1165 2330 1395 2388 Propterea
1415 2326 1531 2370 0111111
1554 2328 1738 2372 maxime

355 2403 410 2459 ab
428 2399 685 2446 hominibus
712 2397 896 2442 nimium
924 2397 1120 2459 dureque
1138 2396 1348 2459 perversis
1366 2432 1377 2451 ‚
1401 2413 1521 2442 nunc
1543 2396 1740 2442 inimici-

353 2473 508 2518 tiarum
536 2469 749 2528 graviores
770 2468 961 2530 impetus
993 2467 1250 2512 sustinemus
1267 2503 1277 2519 ‚
1303 2483 1413 2528 quos
1430 2466 1630 2513 nonnulli
1661 2483 1738 2516 eo-

352 2559 448 2588 rum
465 2540 691 2585 nobiscum
714 2539 1027 2602 patientissime
1046 2537 1256 2589 sustinent
1279 2554 1289 2581 :
1311 2536 1383 2584 scd
1407 2535 1649 2599 plurimum
1666 2536 1739 2587 in·-

352 2610 546 2664 firmitati
574 2609 806 2657 metuimus
823 2646 834 2667 ,
859 2609 999 2662 donec
1025 2607 1197 2655 discant
1220 2619 1262 2654 et
1278 2606 1472 2663 valeant,
1501 2605 1735 2667 adjuvante
