1902 3268
321 272 381 334 74
752 290 786 317 s.
831 288 1074 320 Aucusrim
1113 291 1312 323 EPlsCOPJ

318 350 592 399 manifestum
612 363 674 398 est
699 370 768 399 eos
795 364 868 399 aut
892 355 1089 402 hebraeas
1115 357 1310 417 ignorare
1336 357 1526 414 litteras,
1546 366 1619 403 aut
1645 355 1697 402 ad

323 423 565 470 irridendos
606 425 925 469 cucurbitarios
958 426 1142 472 voluisse
1180 428 1366 472 mentiri.
1412 429 1517 472 Peto
1551 429 1595 473 in
1620 430 1702 473 fine

324 495 534 558 Epistolae
571 504 618 538 ut
659 494 948 556 quiescentem
991 513 1158 551 senem,
1197 498 1389 561 olimque
1426 508 1702 553 veteranum,

323 567 508 611 mititare
527 582 613 609 non
640 581 765 624 cogas
781 602 791 620 ,
821 575 862 610 et
887 582 1057 611 rursum
1083 566 1136 611 de
1158 568 1244 612 vita
1266 568 1520 631 periclitari.
1547 569 1612 613 Tu
1631 567 1708 631 qui

303 636 492 695 juvenis
515 653 576 690 cs,
605 646 646 680 et
672 636 716 680 in
746 636 992 699 pontificali
1017 636 1206 682 culmine
1234 639 1520 694 constitutus,
1548 638 1705 683 doceto

325 707 533 771 popu1083
567 717 608 752 et
644 706 768 752 novis
800 707 962 753 Africae
996 707 1197 768 frugibus
1227 709 1426 754 Romana
1450 720 1563 756 tecta
1586 709 1710 754 locu-

323 777 455 841 pleta.
490 777 600 823 Mihi
623 777 782 823 sufficit
798 814 809 833 ,
833 795 933 824 cum
959 778 1158 825 auditore
1189 789 1230 824 et
1254 779 1414 825 lectore
1434 779 1707 843 pauperculo

328 847 374 893 in
395 848 552 909 angulo
575 849 824 894 monasterii
845 866 1078 897 susurrare.
1108 871 1128 891 ›>

336 999 1321 1020 Μινιιωννινιαννιιιι-,ιιινιιιπινιωινςωνιιιιπ
1329 1010 1351 1020 v
1366 1009 1438 1020 ἰιι-
1450 1007 1606 1022 smum
1615 1008 1689 1020 uw-

759 1100 1022 1144 EPISTOLA
1054 1099 1230 1143 LXXVI
1250 1101 1279 1143 ¹.

335 1213 428 1255 Sub
451 1229 639 1271 persona
661 1215 868 1257 an-[asise
895 1215 1116 1256 catholica)
1135 1214 1384 1256 cohortatur
1407 1230 1554 1258 omnes
1574 1215 1719 1258 Dona-

398 1282 521 1324 tista-5
535 1301 551 1332 ,·
574 1293 620 1324 ιιι
641 1284 938 1340 resipiscentes
960 1285 1140 1324 redeant
1162 1284 1219 1324 mi
1247 1283 1506 1325 catholicam
1529 1298 1721 1325 comma·

395 1365 588 1392 monem.

405 1482 439 1527 I.
469 1480 634 1538 Voms,
664 1483 924 1535 Donatistae,
954 1482 1171 1528 catholica
1194 1481 1385 1527 Ecclesia
1415 1481 1552 1536 dicit,
1581 1502 1596 1521 ι(
1624 1480 1721 1526 Filii

338 1572 358 1593 »
388 1552 620 1598 hominum
644 1589 654 1607 ‚
692 1569 918 1617 usquequo
952 1571 1101 1613 graves
1134 1552 1297 1598 corde?
1333 1563 1380 1598 ut
1406 1552 1514 1616 quid
1542 1551 1721 1612 diligitis

338 1643 359 1663 n
375 1623 611 1668 vanitatem
633 1634 673 1669 et
696 1624 892 1688 quaeritis
910 1624 1188 1670 mendacium
1203 1624 1219 1652 2
1246 1627 1295 1670 P»
1311 1624 1368 1669 Ut
1389 1623 1497 1687 quid
1516 1641 1589 1669 vos
1609 1641 1632 1669 a
1648 1633 1717 1668 to-

335 1694 421 1738 tius
442 1693 562 1738 orbis
583 1694 748 1740 unitate
773 1694 938 1740 nefario
971 1695 1216 1740 schismatis
1240 1694 1464 1754 sacrilegio
1485 1693 1686 1739 divisistis
1704 1696 1722 1739 Ξ)

337 1764 576 1810 Attenditis
617 1765 723 1811 falsa
759 1783 858 1829 quae
893 1766 1018 1811 vobis
1042 1765 1253 1811 dicuntur
1282 1765 1337 1810 ab
1366 1765 1618 1810 hominibus
1647 1775 1723 1809 aut

334 1835 648 1881 mentientibus
673 1847 747 1882 aut
773 1837 1022 1882 errantibus
1042 1873 1053 1892 ‚
1081 1836 1134 1882 de
1160 1836 1395 1881 traditione
1421 1835 1624 1880 codicum
1649 1834 1721 1880 di-

336 1905 537 1951 vinorum
556 1943 566 1962 ,
599 1917 649 1952 ut
669 1908 713 1952 in
739 1907 949 1953 haeretica
974 1907 1242 1969 separatione
1263 1905 1507 1950 moriamini
1528 1926 1539 1960 ;
1568 1917 1609 1951 et
1634 1922 1720 1950 non

335 1975 557 2021 attenditis
580 1977 701 2040 quod
727 1978 854 2023 vobis
874 1978 959 2040 ipsi
983 1977 1155 2023 codices
1178 1976 1350 2031 dicunt,
1377 1976 1482 2021 utin
1503 1976 1720 2021 catholica

334 2063 442 2108 pace
466 2046 634 2094 vivatis.
668 2049 818 2104 Quare
852 2048 1028 2112 aperitis
1068 2064 1189 2093 aures
1221 2046 1273 2092 ad
1299 2063 1539 2092 sermonem
1571 2046 1722 2092 homi-

335 2133 441 2162 num
471 2117 712 2165 dicentium
750 2119 871 2182 quod
904 2136 1131 2182 nunquam
1166 2118 1357 2181 probare
1381 2127 1621 2181 potuerunt
1642 2154 1652 2173 ,
1680 2127 1723 2161 et

335 2189 456 2235 surdi
480 2190 580 2236 estis
610 2191 662 2237 ad
697 2208 936 2237 sermonem
974 2191 1055 2236 Dei
1087 2191 1271 2237 dicentis
1291 2227 1301 2242 ,
1337 2211 1356 2230 <‹
1383 2190 1593 2235 Dominus
1615 2188 1723 2234 dixit

334 2279 355 2301 »
379 2259 433 2306 ad
452 2277 519 2305 me
539 2279 550 2306 ε
580 2261 714 2307 Filius
736 2279 854 2308 meus
875 2279 917 2308 es
938 2272 1004 2318 tu,
1034 2279 1112 2322 ego
1140 2261 1273 2307 hodie
1295 2262 1422 2321 genui
1445 2272 1482 2306 te
1510 2278 1521 2305 ε
1550 2259 1720 2324 postula

338 2350 359 2371 »
377 2348 399 2375 a
416 2347 501 2387 me,
523 2342 565 2377 et
581 2331 697 2378 dabo
721 2333 803 2378 tibi
826 2343 972 2392 gentes
994 2332 1296 2378 haereditatem
1320 2342 1440 2377 tuam
1460 2368 1470 2387 ‚
1491 2341 1533 2376 et
1556 2348 1722 2394 posses-

338 2421 360 2442 »
385 2400 549 2447 sionem
585 2413 702 2449 tuam
742 2404 951 2449 terminos
990 2403 1189 2449 terraess?
1230 2402 1423 2449 Abrahae
1451 2402 1582 2447 dictae
1616 2412 1715 2447 suut

335 2492 359 2513 »>
382 2472 691 2535 promissiones
715 2487 757 2521 et
781 2476 933 2521 semini
958 2479 1064 2536 ejus.
1099 2475 1197 2520 Non
1217 2473 1348 2530 dicit,
1373 2474 1429 2519 Et
1449 2472 1686 2519 seminibus
1705 2509 1716 2526 ‚

385 2571 394 2592 ¹
417 2571 504 2604 Alias
524 2583 632 2605 ccxxx.
653 2586 722 2617 qua‘
741 2582 845 2608 autem
869 2577 911 2615 76
938 2581 1015 2610 erar,
1032 2583 1116 2607 nnnc
1134 2577 1188 2607 60.
1209 2592 1254 2598 -
1274 2573 1397 2617 Scripta
1423 2577 1561 2605 exeunte
1579 2583 1630 2603 an.
1655 2575 1716 2608 403

340 2632 392 2658 aut
413 2628 507 2670 paulo
521 2634 591 2671 post
608 2648 652 2653 -
666 2630 681 2652 '2
698 2632 775 2663 mai,
793 2643 835 2669 ιν,
863 2635 891 2662 3.
908 2649 947 2655 -
963 2629 976 2653 3
997 2631 1041 2661 id.
1062 2643 1099 2664 ιι,
1122 2642 1150 2669 7.
