1902 3268
635 238 846 270 zrlsroLA
883 240 1029 271 mxxvi.
1466 248 1520 296 77

147 317 315 356 xerunt.
343 307 496 353 Postea
519 304 681 351 litteras
701 303 755 350 ad
775 304 1088 368 Imperatorem
1116 310 1452 356 Constantinum
1477 324 1526 357 ut

147 378 261 423 inter
284 375 412 424 Afros
443 373 641 438 episcopi
679 374 954 420 transmarini
975 375 1226 434 ¹judicarent
1244 415 1254 433 ‚
1285 379 1523 437 miserunt,

148 445 261 493 datis
280 445 507 507 judicibus
531 461 641 508 quos
661 443 987 508 postulaverant
1004 456 1045 491 et
1058 446 1529 508 Romaejudicantihus

151 534 239 564 non
261 517 693 581 obtemperaverunt,
718 516 945 580 episcopos
963 516 1082 580 apud
1108 518 1417 581 Imperatorem
1439 531 1526 566 tan-

148 604 279 651 quarn
306 586 415 632 male
434 585 730 646 judicaverint
748 596 995 646 awguerunt.
1023 587 1090 632 Ab
1128 586 1221 633 aliis
1247 605 1393 635 rursus
1408 591 1526 654 epis-

148 657 273 721 copis
292 656 348 703 ad
368 656 591 703 Arelatum
626 656 761 701 missis
782 656 871 701 ad
861 672 1003 719 ipsum
1032 658 1346 720 Imperatorem
1368 662 1522 724 appel-

146 725 373 780 laverunt3
397 726 489 773 ab
478 743 574 791 ipso
598 725 736 772 auditi
755 736 797 771 et
817 725 1184 772 calumniatores
1173 730 1357 785 inventi,
1384 730 1429 776 in
1453 749 1529 778 eo—

148 796 247 844 dem
280 795 437 844 scelere
459 806 802 861 permanserunt.
835 796 1046 857 Evigilate
1078 797 1131 843 ad
1157 797 1361 854 salutem,
1393 814 1532 849 amate

149 885 331 932 pacem,
362 867 496 914 redite
522 866 577 913 ad
604 866 831 914 unitatem.
870 866 979 913 Haec
1008 868 1134 914 vohis
1161 870 1532 933 quemadmodum

149 950 264 1000 gesta
291 940 377 986 sint
402 976 414 993 ‚
442 937 622 1003 quando
641 938 796 990 vultis,
822 939 968 985 omnia
993 940 1239 988 recitamus.

219 1011 304 1057 Ill.
338 1009 418 1056 llle
440 1009 740 1057 communicat
771 1009 896 1056 malis
912 1045 922 1062 ,
946 1011 1020 1074 qui
1046 1013 1262 1058 consentit
1286 1013 1411 1061 factis
1435 1034 1534 1063 ma-

152 1079 331 1137 lorum,
360 1098 449 1128 non
473 1080 550 1145 qui
571 1080 755 1126 tolerat
745 1097 826 1126 in
815 1098 918 1141 agro
952 1082 1184 1129 Dominico
1212 1085 1373 1131 zizania
1402 1104 1536 1152 usque

153 1150 210 1197 ad
236 1169 442 1207 messem,
467 1151 532 1197 vel
554 1151 721 1215 paleam
741 1168 879 1230 usque
897 1151 949 1197 ad
972 1152 1167 1198 ultimam
1187 1156 1334 1201 ventil
1336 1158 1526 1206 itionem

153 1221 196 1268 Si
211 1222 344 1268 malos
364 1189 559 1277 audistis,
584 1239 657 1268 vos
680 1223 761 1285 ipsi
786 1223 1015 1269 mutamini
1030 1224 1086 1269 ah
1100 1224 1256 1271 scelere
1269 1227 1528 1277 schismatis.

153 1292 200 1338 Si
224 1293 437 1339 malorum
458 1293 790 1357 permixtionem
812 1292 1040 1349 timeretis,
1067 1294 1445 1357 Optatum1inter
1462 1317 1535 1346 vos

150 1361 198 1409 in
221 1364 490 1427 apertissima
517 1362 749 1427 iniquitate
772 1362 984 1408 viventem
1010 1381 1090 1427 per
1116 1375 1178 1410 tot
1201 1383 1336 1413 annos
1363 1386 1452 1414 non
1479 1380 1536 1416 te-

152 1433 323 1482 neretis.
353 1434 498 1491 Quem
527 1450 631 1480 cum
662 1433 794 1479 modo
819 1444 1053 1497 martyrem
1075 1434 1220 1481 dicitis
1237 1473 1248 1492 ‚
1276 1450 1470 1500 superest
1492 1451 1538 1486 ut

153 1521 271 1561 eum,
295 1516 476 1569 propter
496 1522 625 1569 quem
651 1515 850 1551 mortuus
874 1515 954 1559 est,
981 1505 1208 1552 Christum
1237 1506 1404 1556 dicatis.
1433 1511 1537 1557 Pos-

155 1586 293 1623 tremo
316 1577 424 1641 quid
447 1594 522 1623 vos
545 1576 726 1623 offendit
747 1577 866 1622 orbis
888 1577 1151 1623 christianus
1166 1615 1177 1634 ‚
1207 1597 1228 1624 a
1251 1597 1340 1643 quo
1365 1598 1439 1627 vos
1459 1600 1536 1628 ne-

154 1645 264 1694 fario
308 1648 454 1694 ‘furore
498 1647 797 1711 praecidistis?
841 1648 893 1693 lit
932 1647 1041 1711 quid
1080 1665 1157 1694 vos
1198 1664 1535 1713 promeruerunt

159 1717 488 1763 Maximianistae
508 1754 519 1773 ‚
557 1734 667 1780 quos
700 1736 722 1763 a
756 1718 880 1764 vohis
905 1717 1134 1765 damnatos
1155 1755 1165 1769 ,
1208 1731 1248 1765 et
1276 1723 1534 1784 perjffllicia

156 1787 339 1852 publica
365 1787 419 1833 de
456 1787 648 1833 basilicis
675 1789 960 1851 proturbatos
980 1825 990 1843 ,
1019 1789 1062 1834 in
1096 1806 1174 1850 suo
1200 1807 1347 1837 rursus
1372 1792 1535 1839 honore

158 1858 403 1922 recepistis?
441 1857 563 1915 Quid
599 1875 674 1904 vos
695 1859 874 1904 offendit
897 1877 978 1922 pax
999 1859 1164 1905 Christi
1186 1897 1196 1914 ‚
1229 1872 1379 1907 contra
1404 1880 1534 1926 quam

160 1946 236 1976 vos
265 1928 461 1974 dividitis
489 1929 546 1974 ab
569 1927 655 1983 eis,
689 1945 797 1992 quos
828 1929 1081 1975 infama⁹isi³
1110 1931 1162 1975 Et
1195 1931 1301 1994 quid
1329 1949 1402 1978 vos
1428 1951 1536 1996 pro-

160 1999 316 2045 meruit
350 2016 432 2063 pax
460 2000 647 2053 Donati,
679 2016 761 2063 pro
790 2016 873 2062 qua
902 1999 1122 2063 suscipitis
1144 2017 1253 2064 quos
1282 2001 1498 2050 damnatis
1519 2008 1537 2051 ἱ)

162 2070 403 2117 Felicianus
432 2071 692 2116 llustitanus
720 2070 851 2115 modo
877 2071 1104 2116 vobiscum
1126 2082 1200 2119 est.
1223 2073 1426 2134 Legimus
1439 2093 1537 2121 eum

160 2141 283 2205 prius
309 2143 353 2187 in
376 2151 516 2186 vestro
540 2139 729 2186 concilio
754 2139 1037 2192 damnatum,
1061 2152 1103 2187 et
1127 2160 1149 2187 a
1170 2143 1293 2188 vobis
1321 2156 1469 2207 postea
1494 2146 1537 2191 in

157 2211 327 2273 judicio
347 2210 622 2276 proconsulis
648 2222 898 2257 accusatum
917 2249 927 2267 ‚
963 2223 1004 2258 et
1026 2212 1072 2258 in
1099 2213 1336 2260 Mustitana
1365 2215 1540 2262 civitate

163 2282 305 2328 Gestis
327 2281 670 2344 municipalibus
694 2293 1022 2345 oppugnatum.

230 2351 305 2399 IV.
338 2351 383 2398 Si
408 2351 585 2397 traditio
614 2350 820 2398 codicum
853 2351 1057 2398 scelerata
1082 2364 1168 2412 est,
1196 2372 1327 2419 quam
1357 2360 1474 2403 Deus
1497 2358 1543 2404 in

212 2469 223 2490 ¹
254 2473 389 2511 opta-us
413 2468 684 2511 ThamugalenzIs
715 2476 847 2512 propter
871 2470 1042 2503 Gildonem
1064 2471 1097 2503 in
1124 2483 1252 2505 carcere
1268 2474 1428 2507 extinctus
1444 2483 1488 2508 est
1506 2488 1543 2508 ex

164 2524 224 2558 lib.
249 2536 280 2558 2,
300 2530 386 2558 cont.
404 2525 463 2557 litt.
482 2525 574 2557 Petit.
598 2536 627 2558 c.
656 2536 710 2565 9²·
