1902 3268
655 263 870 297 zrisroLA
905 264 1034 295 cvm.
1432 252 1522 315 327

147 331 418 380 levaverunt.
444 329 538 377 Nec
559 346 660 376 cum
685 328 780 375 fure
805 328 1154 386 concurrebant,
1181 333 1256 394 qui
1280 333 1530 378 communi-

148 402 309 450 cabant
327 402 365 448 ei
399 401 453 447 de
478 418 567 464 quo
607 400 715 446 <licit
747 400 1026 446 Nummasius
1059 400 1323 455 advocatus,
1353 400 1532 465 loquens

147 491 228 539 pro
252 483 465 538 praesente
492 472 713 518 Restituto
740 472 947 536 episcopo
968 483 1108 518 vestro
1127 510 1137 529 ,
1168 495 1186 514 <z
1213 473 1343 531 Quod
1369 490 1445 536 per
1459 490 1529 520 oc-

148 543 315 591 cultum
334 544 545 604 sacrilegii
567 543 892 608 propemodum
914 543 1096 601 furtum,
1112 543 1371 608 episcopalis
1389 543 1528 590 nomi·

147 614 429 662 nisinvaserit
449 614 750 678 principatum
770 635 781 669 ;
803 636 818 657 »
843 631 922 660 nec
940 630 1040 660 cum
1059 615 1255 661 adultero
1279 615 1525 679 portionem

149 702 268 732 suam
296 685 523 749 ponebant
539 722 551 742 ,
579 685 654 748 qui
675 684 1062 730 communicabant
1087 685 1280 731 veritatis
1298 685 1523 739 adultero;

147 773 227 802 nec
247 756 420 802 modico
445 755 658 802 fermento
681 766 768 802 tota
787 772 936 801 corum
962 772 1098 800 massa
1122 756 1494 819 corrumpebatur
1513 794 1523 813 ,

148 843 249 873 cum
270 827 308 874 ei
327 826 538 884 faverent,
561 844 662 873 cum
686 827 732 872 in
757 827 848 888 ejus
867 837 1010 890 parte,
1031 843 1119 871 non
1137 826 1260 891 quasi
1277 826 1528 884 nescientes,

150 915 172 944 a
191 899 316 945 vobis
343 899 516 962 praecisi
533 935 544 954 ,
571 908 862 955 remanerent,
895 897 967 943 sed
1001 915 1021 942 a
1044 898 1168 944 vobis
1191 908 1343 944 contra
1367 898 1531 962 praeci-

149 969 340 1015 dendam
357 967 695 1031 erigendamque
709 978 913 1014 curarent
931 988 942 1023 3
961 968 1119 1014 deinde
1139 986 1215 1016 vos
1235 968 1337 1032 ipsi,
1360 969 1436 1032 qui
1458 986 1529 1015 eos

150 1039 206 1086 ad
229 1039 502 1086 redeundum
533 1040 594 1085 sic
617 1039 855 1097 invitastis,
879 1049 927 1084 ut
960 1039 1219 1084 Maximiano
1252 1049 1367 1085 tanta
1392 1039 1528 1085 socie-

150 1121 238 1157 tate
258 1115 532 1171 conjunctos,
551 1109 805 1173 impollutos
831 1128 852 1155 a
883 1110 1094 1169 sacrilegii
1116 1110 1288 1156 surculo
1313 1109 1527 1167 diceretis,

150 1181 272 1246 quod
311 1183 622 1229 Praetextatum
655 1198 830 1246 quoque
862 1192 904 1227 et
932 1181 1199 1228 Felicianum
1223 1182 1349 1228 salvis
1381 1199 1530 1232 corum

149 1252 395 1298 honoribus
417 1252 681 1316 suscepistis,
709 1251 828 1316 quod
850 1269 948 1297 cum
974 1252 1031 1298 eis
1054 1252 1237 1314 pacifice
1257 1251 1530 1299 concordetis

151 1322 304 1388 [quod
324 1322 542 1387 hodieque
574 1322 841 1368 Felicianum
869 1322 1096 1369 vobiscum
1131 1322 1430 1368 consedentem
1460 1323 1530 1368 vi-

151 1393 283 1457 detis]
311 1393 430 1441 nulla
457 1393 764 1439 communione
786 1404 1066 1456 peccatorum
1103 1392 1342 1439 alienorum
1373 1410 1530 1440 macu-

150 1465 243 1521 lati,
261 1464 382 1510 nullo
396 1475 601 1510 contactu
620 1464 912 1510 immunditia³
934 1464 1227 1527 coinquinati,
1252 1463 1414 1510 nullius
1431 1464 1529 1511 estis

151 1535 434 1596 malignitatis
472 1534 683 1581 fermento
717 1535 917 1598 corrupti
946 1553 955 1581 :
986 1545 1028 1580 et
1065 1534 1163 1581 orbi
1189 1533 1429 1581 christiano
1452 1553 1532 1599 per

150 1605 250 1655 haec
268 1606 510 1652 testimonia
533 1605 719 1651 alienum
737 1606 901 1651 crimen
930 1605 1155 1665 objicitur,
1176 1605 1353 1651 unitatis
1372 1605 1527 1652 divisio

153 1694 176 1722 a
194 1676 464 1739 separatione
489 1676 654 1722 funesta
687 1675 934 1722 defenditur
955 1713 965 1732 ,
990 1695 1012 1720 a
1037 1675 1226 1740 praeciso
1255 1693 1401 1732 ramo,
1426 1687 1527 1723 tan-

152 1764 284 1811 quam
305 1747 561 1795 immundus
578 1765 744 1803 ramus,
776 1747 850 1810 qui
877 1748 919 1792 in
940 1764 1051 1793 verae
1078 1747 1228 1792 matris
1245 1746 1390 1793 radice
1408 1765 1528 1794 man-

152 1828 282 1872 serit,
306 1827 548 1864 accusatur.

218 1889 336 1935 XIV.
374 1889 493 1946 Quid
516 1889 644 1943 illud,
676 1890 795 1952 quod
820 1890 962 1935 soletis
985 1889 1038 1934 de
1057 1891 1301 1936 sustentatis
1323 1907 1528 1952 persecu·-

153 1958 347 2006 tionibus
359 1960 536 2021 gloriari
554 1964 572 2007 Ρ
592 1960 638 2007 Si
658 1972 870 2024 martyres
883 1979 971 2008 non
992 1961 1097 2007 facit
1113 1978 1240 2007 causa
1254 1998 1264 2016 ,
1287 1961 1358 2007 sed
1375 1978 1527 2025 poena,

152 2049 254 2087 cum
267 2032 486 2080 diceretur
507 2071 518 2091 ,
551 2035 800 2098 «Beatisqui
833 2036 1176 2098 persecutionem
1203 2037 1466 2099 patiuntur,
1499 2059 1514 2077 »

151 2103 311 2150 frustra
332 2115 395 2151 est
426 2104 628 2151 additum
643 2143 652 2160 ‚
685 2127 706 2148 c<
723 2108 912 2169 Propter
931 2104 1192 2165 justitiam4.
1219 2128 1239 2147 »
1279 2106 1433 2152 Nonne
1454 2122 1529 2152 vos

154 2175 283 2220 etiam
304 2175 351 2221 in
380 2175 514 2235 hujus
540 2176 657 2223 tituli
678 2177 812 2237 gloria
845 2177 1173 2223 Maximianistae
1197 2175 1402 2222 facillime
1431 2176 1528 2221 vin-

154 2256 288 2302 cunt,
318 2246 395 2310 qui
427 2249 769 2310 persecutionem
804 2266 891 2294 non
923 2249 1060 2294 solun]
1090 2259 1239 2312 postea
1263 2247 1493 2294 vobiscum
1515 2284 1528 2306 ‚

154 2315 225 2362 sed
257 2317 378 2380 prius
414 2328 456 2364 et
486 2336 510 2364 a
542 2319 668 2365 vobis
699 2319 1002 2382 pertulerunt>
1047 2319 1260 2364 Advocati
1288 2317 1531 2364 accusantis

156 2388 469 2434 Maximianum
489 2426 499 2442 ,
520 2400 663 2436 vestro
682 2390 845 2449 collega
876 2401 1086 2453 praJsmte
1123 2390 1347 2445 testitum,
1377 2389 1454 2453 qui
1484 2389 1530 2434 in

154 2458 302 2506 locum
328 2458 493 2506 Salvii2
521 2460 1001 2517 Membressitani,cum
1030 2460 1197 2507 (steteris
1220 2460 1304 2507 illis
1330 2460 1531 2506 undecim

155 2529 245 2585 sine
278 2530 487 2583 dilatione
527 2531 755 2588 damnati,
798 2542 1028 2595 antequam
1065 2533 1155 2595 ipsc
1188 2531 1277 2577 dies
1313 2530 1534 2578 dilationis

205 2612 334 2645 ¹Matib
353 2625 382 2648 V.
405 2625 451 2644 ιο.
475 2631 514 2637 -—
530 2611 545 2634 ²
566 2615 629 2645 Lov
655 2613 738 2644 Salvi
761 2612 830 2644 ride
845 2614 902 2646 ld).
923 2617 938 2643 3
956 2622 1024 2643 coiit
1057 2617 1193 2645 (Lu-scon
1229 2625 1296 2656 cap,
1320 2615 1372 2643 53.
