1902 3268
383 206 479 254 306
794 221 830 253 s.
872 217 1118 252 AUGUSTINI
1153 219 1361 253 EPlscorx

381 287 513 333 licam
546 284 770 351 persecuti
805 297 906 332 sunt
924 323 937 344 ‚
973 285 1152 350 quando
1178 287 1270 334 veri
1304 286 1545 335 Christiani
1573 304 1662 334 non
1686 305 1767 351 pro

388 356 599 403 haeretico
626 373 771 403 errore
807 372 960 420 poenas
984 357 1237 417 justissimas
1278 357 1395 404 sicut
1423 374 1500 405 vos
1521 395 1532 414 ‚
1574 357 1648 405 sed
1685 373 1768 422 pro

383 427 611 474 catholica
635 427 815 474 veritate
837 427 1059 490 passiones
1082 425 1407 487 gloriosissimas
1425 428 1712 493 pertulerunt.

449 501 552 548 XII.
584 498 804 546 Attendite
839 515 972 562 quam
1010 499 1355 547 manifestissima
1389 503 1572 550 veritate
1595 520 1670 566 per
1692 518 1769 548 cor

381 570 491 630 regis
514 568 637 634 quod
660 568 706 615 in
723 585 857 614 manu
880 568 959 614 Dei
980 578 1043 614 est
1063 605 1074 625 ,
1095 568 1188 632 ipse
1207 570 1322 615 Deus
1339 569 1500 617 dixerit
1519 572 1564 618 in
1579 573 1659 619 ista
1675 572 1771 635 ipsa

383 640 474 702 lege
490 678 501 699 ‚
533 658 666 705 quam
685 649 838 686 contra
857 655 933 686 vos
950 638 1165 703 prolatam
1193 639 1370 698 dicitis3
1389 652 1450 687 est
1469 652 1633 698 autem,
1647 642 1681 688 si
1698 643 1770 687 in-

384 712 586 773 telligatis
607 710 779 776 prolata
802 727 885 774 pro
899 710 1038 759 vobis.
1062 710 1283 756 Attendite
1304 711 1416 774 quid
1433 710 1771 759 habeantverba

382 783 597 848 principis
621 781 723 846 (43)
747 801 756 829 :
786 803 805 823 α
825 783 938 828 Nam
962 781 995 826 si
1016 781 1060 827 in
1079 782 1138 827 eis
1157 819 1167 838 ,
1195 782 1273 846 qui
1297 782 1444 845 primo
1464 782 1767 839 initiatisunt‚

386 855 555 901 idcirco
586 854 736 913 religio
769 852 1044 916 baptismatis
1065 852 1293 913 judicatur
1321 853 1496 900 infirma
1516 891 1527 910 ,
1557 854 1675 917 quod
1697 852 1728 898 ii
1747 870 1772 898 a

383 925 546 989 quibus
586 924 804 987 accipitur
825 960 835 979 ‚
871 933 1121 987 peccatores
1157 934 1400 987 putentur3
1426 924 1553 971 toties
1575 922 1772 970 renovari

382 1012 551 1041 necesse
568 994 650 1041 erit
671 993 883 1039 traditum
909 1005 1248 1048 sacramentum,
1272 994 1441 1058 quoties
1459 994 1662 1054 indignus
1682 993 1773 1040 fue-

382 1066 440 1113 rit
480 1066 681 1112 inventus
719 1063 867 1109 collati
900 1063 1176 1126 baptismatis
1212 1064 1563 1119 administrator3
1602 1074 1644 1110 et
1666 1063 1772 1110 fides

384 1148 529 1184 nostra
552 1153 641 1181 non
663 1152 710 1181 ex
734 1144 898 1180 nostrae
924 1134 1163 1182 voluntatis
1188 1135 1387 1192 arbitrio,
1415 1152 1556 1198 neque
1575 1152 1621 1180 ex
1634 1132 1773 1181 divini

382 1207 575 1254 muneris
594 1205 732 1267 gratia
752 1243 762 1259 ,
791 1204 863 1250 sed
887 1221 934 1250 ex
956 1205 1120 1251 meritis
1143 1205 1420 1253 sacerdotum
1441 1216 1482 1252 et
1511 1205 1774 1252 clericorum

382 1278 592 1343 qualitate
612 1275 841 1341 pendebit.
864 1297 884 1317 »
910 1275 1091 1321 Faciant
1113 1276 1231 1322 mille
1253 1276 1439 1323 concilia
1461 1276 1657 1341 episcopi
1673 1292 1774 1322 ves-

382 1349 468 1407 tri,
493 1348 602 1395 huic
630 1346 708 1393 uni
732 1344 959 1392 sententiae
979 1345 1298 1408 respondeant,
1327 1356 1369 1393 et
1392 1346 1448 1393 ad
1468 1346 1587 1411 quod
1614 1346 1774 1394 volue-

384 1420 478 1468 ritis
500 1417 798 1466 consentimus
832 1414 974 1463 vobiS.
1012 1415 1165 1463 Videte
1197 1417 1316 1464 enim
1346 1433 1479 1481 quam
1502 1434 1706 1482 perverse
1732 1426 1776 1464 et

384 1491 520 1555 impie
561 1489 759 1542 dicatur,
798 1485 918 1550 quod
959 1485 1103 1533 dicere
1129 1485 1303 1545 soletis,
1338 1487 1443 1552 quia
1467 1488 1501 1534 si
1535 1488 1680 1534 bonus
1720 1486 1775 1533 sit

383 1563 550 1618 homo,
584 1560 677 1624 ipse
718 1557 965 1604 sanctificat
996 1573 1095 1603 eum
1134 1574 1264 1621 quem
1299 1557 1528 1621 baptizat3
1570 1559 1605 1604 si
1628 1567 1776 1604 autem

386 1632 529 1680 malus
554 1631 636 1686 sit,
663 1639 706 1675 et
725 1626 889 1674 nesciat
910 1626 982 1672 ille
1001 1626 1079 1690 qui
1100 1627 1371 1691 baptizatur,
1388 1637 1492 1674 tunc
1514 1628 1632 1673 Deus
1650 1643 1773 1673 sanc-

388 1706 541 1752 tificau
573 1703 671 1750 Hoc
704 1701 738 1746 si
779 1716 930 1746 verum
953 1710 1018 1746 est
1037 1736 1048 1756 ‚
1072 1710 1223 1765 optare
1247 1718 1347 1761 ergo
1368 1700 1531 1748 debent
1544 1700 1744 1747 homines
1759 1736 1771 1758 ,

390 1788 440 1823 ut
475 1794 500 1822 a
539 1773 663 1821 malis
695 1771 904 1832 ignoratis
934 1770 1214 1835 baptizentur
1232 1810 1243 1828 ‚
1288 1772 1435 1836 potius
1457 1789 1591 1837 quam
1616 1790 1639 1818 a
1660 1770 1777 1818 notis

389 1847 536 1903 honis,
565 1855 613 1892 ut
635 1844 768 1904 magis
793 1861 815 1888 a
836 1844 926 1889 Deo
951 1859 1083 1906 quam
1111 1844 1166 1889 ab
1189 1844 1370 1890 homine
1389 1844 1557 1908 possint
1577 1842 1776 1889 sanctifi-

394 1918 486 1965 cari
512 1935 522 1962 ε
550 1916 623 1962 sed
647 1915 761 1962 absit
791 1932 814 1960 a
854 1913 980 1959 nobis
1014 1914 1094 1960 ista
1130 1914 1362 1961 dementia.
1393 1916 1539 1971 Quare
1562 1931 1663 1974 ergo
1689 1929 1778 1959 non

393 2005 546 2035 verum
568 1985 758 2031 dicimus
775 2021 786 2040 ,
821 1994 864 2028 et
895 1994 1009 2028 recte
1033 1984 1224 2047 sapimus
1247 2021 1258 2039 ‚
1289 1985 1390 2048 quia
1417 2002 1587 2048 semper
1614 1983 1694 2030 Dei
1714 1993 1778 2029 est

395 2059 471 2107 illa
492 2056 632 2118 gratia
649 2066 691 2102 et
709 2054 789 2101 Dei
805 2064 1142 2112 sacramentum,
1162 2054 1352 2100 hominis
1378 2065 1523 2101 autem
1538 2054 1678 2101 solum
1693 2053 1777 2100 mi·

395 2125 730 2189 nisterium3qui
741 2125 776 2172 si
798 2125 943 2171 bonus
957 2135 1036 2182 est,
1057 2125 1250 2173 adhaeret
1267 2127 1378 2180 De0‚
1400 2136 1442 2172 et
1460 2136 1778 2189 operaturcum

397 2199 551 2254 Deo;si
571 2207 715 2244 autem
726 2195 865 2242 malus
878 2205 957 2253 est,
974 2206 1181 2260 operatur
1195 2214 1275 2260 per
1294 2196 1418 2243 illum
1428 2198 1546 2242 Deus
1560 2195 1779 2243 visibilem

393 2270 654 2319 sacramenti
667 2267 872 2324 formam,
884 2267 975 2331 ipse
988 2279 1131 2314 autem
1144 2267 1279 2314 donat
1293 2268 1555 2315 invisibilem
1572 2265 1772 2328 gratiam.

398 2344 495 2390 Hoc
514 2340 733 2406 sapiamus
755 2356 903 2385 omnes
917 2375 929 2394 ‚
951 2350 993 2384 et
1008 2356 1096 2384 non
1116 2340 1201 2385 sint
1216 2340 1263 2385 in
1277 2339 1403 2386 nobis
1427 2339 1678 2386 schismata.

461 2414 592 2460 XllI.
635 2408 913 2457 Concordate
935 2411 1185 2469 nobiscum,
1216 2409 1371 2457 fratres
1389 2447 1401 2467 ,
1424 2410 1646 2469 diligimus
1667 2423 1744 2456 vos
1760 2442 1774 2465 ,

393 2488 484 2541 hoc
501 2483 629 2533 vobis
650 2481 853 2531 volumus
874 2480 997 2547 quod
1022 2492 1064 2529 et
1091 2481 1233 2531 nobis.
1266 2481 1313 2528 Si
1330 2491 1562 2546 propterea
1581 2496 1660 2527 nos
1676 2495 1778 2540 gra-

393 2559 490 2609 vius
514 2553 668 2604 odistis
687 2586 699 2611 ,
719 2553 824 2616 quia
847 2569 989 2602 errare
1013 2570 1089 2604 vos
1114 2564 1156 2604 et
1181 2553 1324 2618 perire
1347 2569 1435 2602 non
1458 2550 1773 2617 permittimUS‚
