<?xml version="1.0" encoding="UTF-8"?>
<!DOCTYPE html PUBLIC "-//W3C//DTD XHTML 1.0 Transitional//EN"
    "http://www.w3.org/TR/xhtml1/DTD/xhtml1-transitional.dtd">
<html xmlns="http://www.w3.org/1999/xhtml" xml:lang="en" lang="en">
 <head>
  <title>
</title>
<meta http-equiv="Content-Type" content="text/html;charset=utf-8" />
  <meta name='ocr-system' content='tesseract 3.04.00' />
  <meta name='ocr-capabilities' content='ocr_page ocr_carea ocr_par ocr_line ocrx_word'/>
</head>
<body>
  <div class='ocr_page' id='page_1' title='image "./operaomniaaccura39auguuoft/operaomniaaccura39auguuoft_0399.png"; bbox 0 0 1902 3268; ppageno 0'>
   <div class='ocr_carea' id='block_1_1' title="bbox 674 269 1552 332">
    <p class='ocr_par' dir='ltr' id='par_1_1' title="bbox 674 269 1552 332">
     <span class='ocr_line' id='line_1_1' title="bbox 674 269 1552 332; baseline -0.001 -20"><span class='ocrx_word' id='word_1_1' title='bbox 674 280 886 313; x_wconf 76' lang='lat' dir='ltr'><strong>EPIS&#39;roLA</strong></span> <span class='ocrx_word' id='word_1_2' title='bbox 922 282 1041 312; x_wconf 83' lang='lat' dir='ltr'><strong>cxix.</strong></span> <span class='ocrx_word' id='word_1_3' title='bbox 1460 269 1552 332; x_wconf 80' lang='lat'><strong>389</strong></span> 
     </span>
    </p>
   </div>
   <div class='ocr_carea' id='block_1_2' title="bbox 182 345 1603 2617">
    <p class='ocr_par' dir='ltr' id='par_1_2' title="bbox 182 345 1563 838">
     <span class='ocr_line' id='line_1_2' title="bbox 184 345 1556 413; baseline -0.001 -16"><span class='ocrx_word' id='word_1_4' title='bbox 184 350 302 406; x_wconf 87' lang='lat' dir='ltr'><strong>Deo,</strong></span> <span class='ocrx_word' id='word_1_5' title='bbox 340 364 475 413; x_wconf 89' lang='lat' dir='ltr'><strong>quam</strong></span> <span class='ocrx_word' id='word_1_6' title='bbox 512 347 747 395; x_wconf 81' lang='lat' dir='ltr'>auctoritas</span> <span class='ocrx_word' id='word_1_7' title='bbox 780 357 842 393; x_wconf 86' lang='lat' dir='ltr'><strong>est</strong></span> <span class='ocrx_word' id='word_1_8' title='bbox 875 345 1094 411; x_wconf 74' lang='lat' dir='ltr'><strong>sequenda</strong></span> <span class='ocrx_word' id='word_1_9' title='bbox 1133 359 1402 395; x_wconf 83' lang='lat' dir='ltr'><strong>sanctorum.</strong></span> <span class='ocrx_word' id='word_1_10' title='bbox 1444 350 1556 396; x_wconf 88' lang='lat' dir='ltr'><strong>Nam</strong></span> 
     </span>
     <span class='ocr_line' id='line_1_3' title="bbox 182 418 1558 486; baseline 0.001 -20"><span class='ocrx_word' id='word_1_11' title='bbox 182 419 380 486; x_wconf 72' lang='lat' dir='ltr'><strong>profecto</strong></span> <span class='ocrx_word' id='word_1_12' title='bbox 400 436 539 484; x_wconf 86' lang='lat' dir='ltr'><strong>neque</strong></span> <span class='ocrx_word' id='word_1_13' title='bbox 565 418 736 473; x_wconf 83' lang='lat' dir='ltr'><strong>Ariani,</strong></span> <span class='ocrx_word' id='word_1_14' title='bbox 761 418 837 482; x_wconf 92' lang='lat' dir='ltr'><strong>qui</strong></span> <span class='ocrx_word' id='word_1_15' title='bbox 862 418 1044 474; x_wconf 90' lang='lat' dir='ltr'><strong>Filium,</strong></span> <span class='ocrx_word' id='word_1_16' title='bbox 1072 435 1199 482; x_wconf 89' lang='lat' dir='ltr'><strong>quem</strong></span> <span class='ocrx_word' id='word_1_17' title='bbox 1224 420 1415 480; x_wconf 82' lang='lat' dir='ltr'><strong>genitum</strong></span> <span class='ocrx_word' id='word_1_18' title='bbox 1446 438 1558 467; x_wconf 89' lang='lat' dir='ltr'><strong>con-</strong></span> 
     </span>
     <span class='ocr_line' id='line_1_4' title="bbox 183 487 1555 553; baseline 0 -17"><span class='ocrx_word' id='word_1_19' title='bbox 183 492 375 546; x_wconf 89' lang='lat' dir='ltr'><strong>fitemur,</strong></span> <span class='ocrx_word' id='word_1_20' title='bbox 401 490 613 536; x_wconf 88' lang='lat' dir='ltr'>minorem</span> <span class='ocrx_word' id='word_1_21' title='bbox 632 499 817 553; x_wconf 85' lang='lat' dir='ltr'><strong>putant,</strong></span> <span class='ocrx_word' id='word_1_22' title='bbox 844 489 887 535; x_wconf 88' lang='lat' dir='ltr'><strong>in</strong></span> <span class='ocrx_word' id='word_1_23' title='bbox 914 488 999 534; x_wconf 85' lang='lat' dir='ltr'><strong>hac</strong></span> <span class='ocrx_word' id='word_1_24' title='bbox 1022 487 1245 552; x_wconf 81' lang='lat' dir='ltr'>impietate</span> <span class='ocrx_word' id='word_1_25' title='bbox 1260 491 1555 553; x_wconf 67' lang='lat' dir='ltr'><strong>persisterent,</strong></span> 
     </span>
     <span class='ocr_line' id='line_1_5' title="bbox 183 561 1561 626; baseline 0 -18"><span class='ocrx_word' id='word_1_26' title='bbox 183 578 322 626; x_wconf 87' lang='lat' dir='ltr'><strong>neque</strong></span> <span class='ocrx_word' id='word_1_27' title='bbox 349 561 655 608; x_wconf 89' lang='lat' dir='ltr'><strong>Macedoniani</strong></span> <span class='ocrx_word' id='word_1_28' title='bbox 689 561 901 625; x_wconf 83' lang='lat' dir='ltr'><strong>Spiritum</strong></span> <span class='ocrx_word' id='word_1_29' title='bbox 926 571 1149 616; x_wconf 84' lang='lat' dir='ltr'><strong>sanctum,</strong></span> <span class='ocrx_word' id='word_1_30' title='bbox 1173 578 1300 624; x_wconf 88' lang='lat' dir='ltr'><strong>quem</strong></span> <span class='ocrx_word' id='word_1_31' title='bbox 1331 579 1469 625; x_wconf 80' lang='lat' dir='ltr'><strong>neque</strong></span> <span class='ocrx_word' id='word_1_32' title='bbox 1485 579 1561 622; x_wconf 86' lang='lat' dir='ltr'><strong>ge-</strong></span> 
     </span>
     <span class='ocr_line' id='line_1_6' title="bbox 183 632 1561 697; baseline 0.001 -19"><span class='ocrx_word' id='word_1_33' title='bbox 183 633 324 678; x_wconf 89' lang='lat' dir='ltr'><strong>nitum</strong></span> <span class='ocrx_word' id='word_1_34' title='bbox 343 649 482 697; x_wconf 90' lang='lat' dir='ltr'><strong>neque</strong></span> <span class='ocrx_word' id='word_1_35' title='bbox 501 632 739 693; x_wconf 88' lang='lat' dir='ltr'><strong>ingenitum</strong></span> <span class='ocrx_word' id='word_1_36' title='bbox 764 632 1007 686; x_wconf 90' lang='lat' dir='ltr'><strong>credimus,</strong></span> <span class='ocrx_word' id='word_1_37' title='bbox 1036 643 1248 694; x_wconf 87' lang='lat' dir='ltr'><strong>quantum</strong></span> <span class='ocrx_word' id='word_1_38' title='bbox 1271 633 1315 678; x_wconf 90' lang='lat' dir='ltr'><strong>in</strong></span> <span class='ocrx_word' id='word_1_39' title='bbox 1338 633 1442 696; x_wconf 83' lang='lat' dir='ltr'><strong>ipsis</strong></span> <span class='ocrx_word' id='word_1_40' title='bbox 1458 644 1519 678; x_wconf 89' lang='lat' dir='ltr'><strong>est</strong></span> <span class='ocrx_word' id='word_1_41' title='bbox 1537 651 1561 679; x_wconf 86' lang='lat' dir='ltr'><strong>a</strong></span> 
     </span>
     <span class='ocr_line' id='line_1_7' title="bbox 186 702 1562 765; baseline -0.001 -15"><span class='ocrx_word' id='word_1_42' title='bbox 186 703 436 750; x_wconf 89' lang='lat' dir='ltr'><strong>Divinitatis</strong></span> <span class='ocrx_word' id='word_1_43' title='bbox 465 721 561 751; x_wconf 86' lang='lat' dir='ltr'><strong>arce</strong></span> <span class='ocrx_word' id='word_1_44' title='bbox 589 703 900 759; x_wconf 88' lang='lat' dir='ltr'><strong>detruderent,</strong></span> <span class='ocrx_word' id='word_1_45' title='bbox 922 703 956 749; x_wconf 90' lang='lat' dir='ltr'><strong>si</strong></span> <span class='ocrx_word' id='word_1_46' title='bbox 977 702 1216 765; x_wconf 77' lang='lat' dir='ltr'><strong>seripturis</strong></span> <span class='ocrx_word' id='word_1_47' title='bbox 1238 704 1396 749; x_wconf 86' lang='lat' dir='ltr'><strong>sanctis</strong></span> <span class='ocrx_word' id='word_1_48' title='bbox 1427 704 1562 764; x_wconf 87' lang='lat' dir='ltr'><strong>magis</strong></span> 
     </span>
     <span class='ocr_line' id='line_1_8' title="bbox 185 773 1563 838; baseline -0.004 -17"><span class='ocrx_word' id='word_1_49' title='bbox 185 791 318 838; x_wconf 87' lang='lat' dir='ltr'><strong>quam</strong></span> <span class='ocrx_word' id='word_1_50' title='bbox 329 775 416 820; x_wconf 90' lang='lat' dir='ltr'><strong>suis</strong></span> <span class='ocrx_word' id='word_1_51' title='bbox 429 774 833 821; x_wconf 81' lang='lat' dir='ltr'><strong>ratiocinationibus</strong></span> <span class='ocrx_word' id='word_1_52' title='bbox 847 773 1180 819; x_wconf 87' lang='lat' dir='ltr'><strong>accommodare</strong></span> <span class='ocrx_word' id='word_1_53' title='bbox 1191 773 1320 819; x_wconf 90' lang='lat' dir='ltr'><strong>fidem</strong></span> <span class='ocrx_word' id='word_1_54' title='bbox 1337 774 1563 822; x_wconf 76' lang='lat' dir='ltr'><strong>mallent.»</strong></span> 
     </span>
    </p>

    <p class='ocr_par' dir='ltr' id='par_1_3' title="bbox 184 843 1603 2045">
     <span class='ocr_line' id='line_1_9' title="bbox 252 843 1569 897; baseline 0.001 -7"><span class='ocrx_word' id='word_1_55' title='bbox 252 846 312 892; x_wconf 92' lang='lat' dir='ltr'><strong>Il.</strong></span> <span class='ocrx_word' id='word_1_56' title='bbox 354 867 374 887; x_wconf 77' lang='grc' dir='ltr'>α</span> <span class='ocrx_word' id='word_1_57' title='bbox 394 847 559 892; x_wconf 82' lang='lat' dir='ltr'><strong>Tamen</strong></span> <span class='ocrx_word' id='word_1_58' title='bbox 582 856 629 891; x_wconf 91' lang='lat' dir='ltr'><strong>tu</strong></span> <span class='ocrx_word' id='word_1_59' title='bbox 656 845 723 893; x_wconf 91' lang='lat' dir='ltr'><strong>vir</strong></span> <span class='ocrx_word' id='word_1_60' title='bbox 739 844 1008 890; x_wconf 86' lang='lat' dir='ltr'><strong>admirabilis</strong></span> <span class='ocrx_word' id='word_1_61' title='bbox 1023 881 1034 897; x_wconf 87' lang='lat'><strong>,</strong></span> <span class='ocrx_word' id='word_1_62' title='bbox 1061 844 1094 889; x_wconf 89' lang='lat' dir='ltr'><strong>si</strong></span> <span class='ocrx_word' id='word_1_63' title='bbox 1120 843 1201 889; x_wconf 89' lang='lat' dir='ltr'><strong>tibi</strong></span> <span class='ocrx_word' id='word_1_64' title='bbox 1220 843 1290 889; x_wconf 89' lang='lat' dir='ltr'><strong>ille</strong></span> <span class='ocrx_word' id='word_1_65' title='bbox 1308 845 1439 889; x_wconf 87' lang='lat' dir='ltr'><strong>Pater</strong></span> <span class='ocrx_word' id='word_1_66' title='bbox 1463 862 1569 891; x_wconf 90' lang='lat' dir='ltr'><strong>nos-</strong></span> 
     </span>
     <span class='ocr_line' id='line_1_10' title="bbox 188 915 1564 979; baseline -0.002 -15"><span class='ocrx_word' id='word_1_67' title='bbox 188 927 268 975; x_wconf 85' lang='lat' dir='ltr'><strong>ter,</strong></span> <span class='ocrx_word' id='word_1_68' title='bbox 292 916 407 964; x_wconf 91' lang='lat' dir='ltr'><strong>solus</strong></span> <span class='ocrx_word' id='word_1_69' title='bbox 423 917 622 963; x_wconf 90' lang='lat' dir='ltr'><strong>conscius</strong></span> <span class='ocrx_word' id='word_1_70' title='bbox 641 926 922 971; x_wconf 86' lang='lat' dir='ltr'><strong>secretorum,</strong></span> <span class='ocrx_word' id='word_1_71' title='bbox 938 915 1014 979; x_wconf 91' lang='lat' dir='ltr'><strong>qui</strong></span> <span class='ocrx_word' id='word_1_72' title='bbox 1032 915 1168 960; x_wconf 90' lang='lat' dir='ltr'><strong>habet</strong></span> <span class='ocrx_word' id='word_1_73' title='bbox 1184 915 1348 961; x_wconf 90' lang='lat' dir='ltr'><strong>clavem</strong></span> <span class='ocrx_word' id='word_1_74' title='bbox 1371 915 1512 962; x_wconf 89' lang='lat' dir='ltr'><strong>David</strong></span> <span class='ocrx_word' id='word_1_75' title='bbox 1527 916 1564 974; x_wconf 80' lang='lat'><strong>1,</strong></span> 
     </span>
     <span class='ocr_line' id='line_1_11' title="bbox 187 986 1569 1050; baseline 0 -16"><span class='ocrx_word' id='word_1_76' title='bbox 187 987 443 1034; x_wconf 86' lang='lat' dir='ltr'><strong>serenissimi</strong></span> <span class='ocrx_word' id='word_1_77' title='bbox 465 987 608 1034; x_wconf 88' lang='lat' dir='ltr'><strong>cordis</strong></span> <span class='ocrx_word' id='word_1_78' title='bbox 627 987 789 1033; x_wconf 87' lang='lat' dir='ltr'><strong>obtutu</strong></span> <span class='ocrx_word' id='word_1_79' title='bbox 820 986 1035 1032; x_wconf 89' lang='lat' dir='ltr'><strong>coelorum</strong></span> <span class='ocrx_word' id='word_1_80' title='bbox 1066 986 1313 1032; x_wconf 86' lang='lat' dir='ltr'><strong>machinam</strong></span> <span class='ocrx_word' id='word_1_81' title='bbox 1342 998 1569 1050; x_wconf 86' lang='lat' dir='ltr'><strong>penetrare</strong></span> 
     </span>
     <span class='ocr_line' id='line_1_12' title="bbox 186 1056 1568 1120; baseline -0.001 -16"><span class='ocrx_word' id='word_1_82' title='bbox 186 1058 421 1115; x_wconf 82' lang='lat' dir='ltr'><strong>concessit,</strong></span> <span class='ocrx_word' id='word_1_83' title='bbox 462 1068 504 1104; x_wconf 85' lang='lat' dir='ltr'><strong>et</strong></span> <span class='ocrx_word' id='word_1_84' title='bbox 535 1058 750 1114; x_wconf 84' lang='lat' dir='ltr'><strong>revelata,</strong></span> <span class='ocrx_word' id='word_1_85' title='bbox 788 1067 837 1103; x_wconf 92' lang='lat' dir='ltr'><strong>ut</strong></span> <span class='ocrx_word' id='word_1_86' title='bbox 874 1057 1089 1120; x_wconf 85' lang='lat' dir='ltr'><strong>scriptum</strong></span> <span class='ocrx_word' id='word_1_87' title='bbox 1132 1067 1220 1113; x_wconf 88' lang='lat' dir='ltr'><strong>est,</strong></span> <span class='ocrx_word' id='word_1_88' title='bbox 1250 1056 1359 1103; x_wconf 82' lang='lat' dir='ltr'><strong>facie</strong></span> <span class='ocrx_word' id='word_1_89' title='bbox 1385 1057 1568 1117; x_wconf 80' lang='lat' dir='ltr'><strong>gloriam</strong></span> 
     </span>
     <span class='ocr_line' id='line_1_13' title="bbox 188 1127 1569 1193; baseline 0 -18"><span class='ocrx_word' id='word_1_90' title='bbox 188 1128 364 1175; x_wconf 91' lang='lat' dir='ltr'><strong>Domini</strong></span> <span class='ocrx_word' id='word_1_91' title='bbox 389 1129 605 1193; x_wconf 85' lang='lat' dir='ltr'><strong>speculari</strong></span> <span class='ocrx_word' id='word_1_92' title='bbox 621 1131 659 1186; x_wconf 77' lang='lat'><strong>2,</strong></span> <span class='ocrx_word' id='word_1_93' title='bbox 685 1129 731 1174; x_wconf 93' lang='lat' dir='ltr'><strong>in</strong></span> <span class='ocrx_word' id='word_1_94' title='bbox 756 1139 971 1192; x_wconf 88' lang='lat' dir='ltr'><strong>quantum</strong></span> <span class='ocrx_word' id='word_1_95' title='bbox 998 1128 1079 1173; x_wconf 84' lang='lat' dir='ltr'><strong>tibi</strong></span> <span class='ocrx_word' id='word_1_96' title='bbox 1099 1127 1187 1184; x_wconf 84' lang='lat' dir='ltr'><strong>ille,</strong></span> <span class='ocrx_word' id='word_1_97' title='bbox 1209 1128 1287 1192; x_wconf 91' lang='lat' dir='ltr'><strong>qui</strong></span> <span class='ocrx_word' id='word_1_98' title='bbox 1311 1128 1569 1189; x_wconf 85' lang='lat' dir='ltr'><strong>hujusmodi</strong></span> 
     </span>
     <span class='ocr_line' id='line_1_14' title="bbox 188 1198 1569 1263; baseline 0.001 -18"><span class='ocrx_word' id='word_1_99' title='bbox 188 1199 492 1260; x_wconf 86' lang='lat' dir='ltr'><strong>cogitationem</strong></span> <span class='ocrx_word' id='word_1_100' title='bbox 513 1199 634 1245; x_wconf 86' lang='lat' dir='ltr'><strong>dedit</strong></span> <span class='ocrx_word' id='word_1_101' title='bbox 654 1236 665 1256; x_wconf 89' lang='lat'><strong>,</strong></span> <span class='ocrx_word' id='word_1_102' title='bbox 688 1198 920 1263; x_wconf 86' lang='lat' dir='ltr'><strong>promendi</strong></span> <span class='ocrx_word' id='word_1_103' title='bbox 938 1198 1106 1244; x_wconf 85' lang='lat' dir='ltr'><strong>dederit</strong></span> <span class='ocrx_word' id='word_1_104' title='bbox 1126 1198 1376 1245; x_wconf 82' lang='lat' dir='ltr'><strong>facultatem</strong></span> <span class='ocrx_word' id='word_1_105' title='bbox 1393 1237 1404 1255; x_wconf 94' lang='lat'><strong>,</strong></span> <span class='ocrx_word' id='word_1_106' title='bbox 1425 1217 1569 1246; x_wconf 90' lang='lat' dir='ltr'><strong>enun-</strong></span> 
     </span>
     <span class='ocr_line' id='line_1_15' title="bbox 187 1269 1568 1334; baseline 0.001 -19"><span class='ocrx_word' id='word_1_107' title='bbox 187 1270 249 1315; x_wconf 85' lang='lat' dir='ltr'><strong>tia</strong></span> <span class='ocrx_word' id='word_1_108' title='bbox 283 1269 409 1316; x_wconf 88' lang='lat' dir='ltr'><strong>nobis</strong></span> <span class='ocrx_word' id='word_1_109' title='bbox 437 1270 626 1334; x_wconf 83' lang='lat' dir='ltr'><strong>aliquam</strong></span> <span class='ocrx_word' id='word_1_110' title='bbox 664 1269 898 1316; x_wconf 80' lang='lat' dir='ltr'><strong>ineffabilis</strong></span> <span class='ocrx_word' id='word_1_111' title='bbox 928 1269 1184 1317; x_wconf 85' lang='lat' dir='ltr'><strong>substantiae</strong></span> <span class='ocrx_word' id='word_1_112' title='bbox 1219 1270 1488 1334; x_wconf 84' lang='lat' dir='ltr'><strong>portionem,</strong></span> <span class='ocrx_word' id='word_1_113' title='bbox 1525 1282 1568 1317; x_wconf 91' lang='lat' dir='ltr'><strong>et</strong></span> 
     </span>
     <span class='ocr_line' id='line_1_16' title="bbox 186 1341 1564 1406; baseline 0.002 -19"><span class='ocrx_word' id='word_1_114' title='bbox 186 1341 419 1402; x_wconf 85' lang='lat' dir='ltr'><strong>imaginem</strong></span> <span class='ocrx_word' id='word_1_115' title='bbox 454 1341 753 1388; x_wconf 89' lang='lat' dir='ltr'><strong>similitudinis</strong></span> <span class='ocrx_word' id='word_1_116' title='bbox 785 1344 876 1402; x_wconf 86' lang='lat' dir='ltr'><strong>ejus</strong></span> <span class='ocrx_word' id='word_1_117' title='bbox 910 1342 1004 1405; x_wconf 88' lang='lat' dir='ltr'><strong>ipso</strong></span> <span class='ocrx_word' id='word_1_118' title='bbox 1036 1341 1270 1402; x_wconf 80' lang='lat' dir='ltr'><strong>adjuvante</strong></span> <span class='ocrx_word' id='word_1_119' title='bbox 1299 1343 1564 1406; x_wconf 82' lang='lat' dir='ltr'><strong>exprimere,</strong></span> 
     </span>
     <span class='ocr_line' id='line_1_17' title="bbox 186 1412 1603 1477; baseline 0.002 -20"><span class='ocrx_word' id='word_1_120' title='bbox 186 1412 455 1476; x_wconf 89' lang='lat' dir='ltr'><strong>inquantum</strong></span> <span class='ocrx_word' id='word_1_121' title='bbox 474 1423 615 1477; x_wconf 86' lang='lat' dir='ltr'><strong>potes,</strong></span> <span class='ocrx_word' id='word_1_122' title='bbox 642 1413 788 1459; x_wconf 87' lang='lat' dir='ltr'><strong>verbis</strong></span> <span class='ocrx_word' id='word_1_123' title='bbox 810 1413 971 1459; x_wconf 88' lang='lat' dir='ltr'><strong>enitere</strong></span> <span class='ocrx_word' id='word_1_124' title='bbox 992 1430 1002 1457; x_wconf 89' lang='lat'>:</span> <span class='ocrx_word' id='word_1_125' title='bbox 1032 1412 1238 1476; x_wconf 89' lang='lat' dir='ltr'><strong>quoniam</strong></span> <span class='ocrx_word' id='word_1_126' title='bbox 1266 1414 1349 1459; x_wconf 90' lang='lat' dir='ltr'><strong>nisi</strong></span> <span class='ocrx_word' id='word_1_127' title='bbox 1372 1424 1419 1460; x_wconf 94' lang='lat' dir='ltr'><strong>tu</strong></span> <span class='ocrx_word' id='word_1_128' title='bbox 1436 1424 1568 1460; x_wconf 82' lang='lat' dir='ltr'><strong>tantae</strong></span> <span class='ocrx_word' id='word_1_129' title='bbox 1596 1441 1603 1449; x_wconf 67' lang='grc'><strong>»</strong></span> 
     </span>
     <span class='ocr_line' id='line_1_18' title="bbox 186 1482 1570 1548; baseline 0.002 -20"><span class='ocrx_word' id='word_1_130' title='bbox 186 1482 342 1528; x_wconf 87' lang='lat' dir='ltr'><strong>reidux</strong></span> <span class='ocrx_word' id='word_1_131' title='bbox 361 1500 412 1529; x_wconf 88' lang='lat' dir='ltr'><strong>ac</strong></span> <span class='ocrx_word' id='word_1_132' title='bbox 426 1483 630 1544; x_wconf 88' lang='lat' dir='ltr'><strong>magister</strong></span> <span class='ocrx_word' id='word_1_133' title='bbox 645 1484 832 1540; x_wconf 86' lang='lat' dir='ltr'><strong>affueris,</strong></span> <span class='ocrx_word' id='word_1_134' title='bbox 845 1483 965 1529; x_wconf 88' lang='lat' dir='ltr'><strong>velut</strong></span> <span class='ocrx_word' id='word_1_135' title='bbox 982 1482 1274 1547; x_wconf 87' lang='lat' dir='ltr'><strong>lippientibus</strong></span> <span class='ocrx_word' id='word_1_136' title='bbox 1292 1484 1430 1531; x_wconf 90' lang='lat' dir='ltr'><strong>oculis</strong></span> <span class='ocrx_word' id='word_1_137' title='bbox 1447 1502 1570 1548; x_wconf 88' lang='lat' dir='ltr'><strong>pros-</strong></span> 
     </span>
     <span class='ocr_line' id='line_1_19' title="bbox 185 1552 1567 1618; baseline 0.003 -20"><span class='ocrx_word' id='word_1_138' title='bbox 185 1552 331 1616; x_wconf 89' lang='lat' dir='ltr'><strong>picere</strong></span> <span class='ocrx_word' id='word_1_139' title='bbox 349 1553 396 1600; x_wconf 90' lang='lat' dir='ltr'><strong>iu</strong></span> <span class='ocrx_word' id='word_1_140' title='bbox 414 1570 509 1600; x_wconf 88' lang='lat' dir='ltr'><strong>eam</strong></span> <span class='ocrx_word' id='word_1_141' title='bbox 535 1554 648 1601; x_wconf 85' lang='lat' dir='ltr'><strong>tanti</strong></span> <span class='ocrx_word' id='word_1_142' title='bbox 672 1554 849 1600; x_wconf 90' lang='lat' dir='ltr'><strong>luminis</strong></span> <span class='ocrx_word' id='word_1_143' title='bbox 878 1570 1129 1618; x_wconf 88' lang='lat' dir='ltr'><strong>repercussa</strong></span> <span class='ocrx_word' id='word_1_144' title='bbox 1159 1553 1327 1614; x_wconf 84' lang='lat' dir='ltr'><strong>fulgore</strong></span> <span class='ocrx_word' id='word_1_145' title='bbox 1362 1556 1567 1616; x_wconf 87' lang='lat' dir='ltr'><strong>cogitatio</strong></span> 
     </span>
     <span class='ocr_line' id='line_1_20' title="bbox 186 1623 1570 1687; baseline 0.003 -19"><span class='ocrx_word' id='word_1_146' title='bbox 186 1633 332 1669; x_wconf 90' lang='lat' dir='ltr'><strong>nostra</strong></span> <span class='ocrx_word' id='word_1_147' title='bbox 355 1623 578 1671; x_wconf 85' lang='lat' dir='ltr'><strong>formidat.</strong></span> <span class='ocrx_word' id='word_1_148' title='bbox 611 1625 732 1671; x_wconf 90' lang='lat' dir='ltr'><strong>Intra</strong></span> <span class='ocrx_word' id='word_1_149' title='bbox 752 1641 853 1684; x_wconf 88' lang='lat' dir='ltr'><strong>ergo</strong></span> <span class='ocrx_word' id='word_1_150' title='bbox 881 1625 927 1670; x_wconf 92' lang='lat' dir='ltr'><strong>in</strong></span> <span class='ocrx_word' id='word_1_151' title='bbox 959 1624 1077 1670; x_wconf 88' lang='lat' dir='ltr'><strong>illam</strong></span> <span class='ocrx_word' id='word_1_152' title='bbox 1094 1661 1105 1680; x_wconf 92' lang='lat'><strong>,</strong></span> <span class='ocrx_word' id='word_1_153' title='bbox 1139 1641 1240 1687; x_wconf 87' lang='lat' dir='ltr'><strong>quae</strong></span> <span class='ocrx_word' id='word_1_154' title='bbox 1263 1636 1431 1671; x_wconf 89' lang='lat' dir='ltr'><strong>nostros</strong></span> <span class='ocrx_word' id='word_1_155' title='bbox 1451 1637 1570 1673; x_wconf 85' lang='lat' dir='ltr'><strong>arcet</strong></span> 
     </span>
     <span class='ocr_line' id='line_1_21' title="bbox 185 1692 1569 1760; baseline 0.004 -22"><span class='ocrx_word' id='word_1_156' title='bbox 185 1692 394 1750; x_wconf 88' lang='lat' dir='ltr'><strong>intuitus,</strong></span> <span class='ocrx_word' id='word_1_157' title='bbox 417 1695 724 1757; x_wconf 83' lang='lat' dir='ltr'><strong>mysteriorum</strong></span> <span class='ocrx_word' id='word_1_158' title='bbox 743 1695 825 1740; x_wconf 92' lang='lat' dir='ltr'><strong>Dei</strong></span> <span class='ocrx_word' id='word_1_159' title='bbox 842 1695 1194 1740; x_wconf 86' lang='lat' dir='ltr'><strong>obscurissimam</strong></span> <span class='ocrx_word' id='word_1_160' title='bbox 1212 1696 1402 1752; x_wconf 84' lang='lat' dir='ltr'><strong>nubem3</strong></span> <span class='ocrx_word' id='word_1_161' title='bbox 1427 1713 1569 1760; x_wconf 86' lang='lat' dir='ltr'><strong>quaes-</strong></span> 
     </span>
     <span class='ocr_line' id='line_1_22' title="bbox 188 1765 1569 1833; baseline 0.002 -21"><span class='ocrx_word' id='word_1_162' title='bbox 188 1765 406 1812; x_wconf 90' lang='lat' dir='ltr'><strong>tiunculas</strong></span> <span class='ocrx_word' id='word_1_163' title='bbox 424 1766 470 1812; x_wconf 91' lang='lat' dir='ltr'><strong>in</strong></span> <span class='ocrx_word' id='word_1_164' title='bbox 494 1767 657 1831; x_wconf 89' lang='lat' dir='ltr'><strong>quibus</strong></span> <span class='ocrx_word' id='word_1_165' title='bbox 684 1766 960 1813; x_wconf 88' lang='lat' dir='ltr'><strong>absolvendis</strong></span> <span class='ocrx_word' id='word_1_166' title='bbox 976 1784 1042 1813; x_wconf 90' lang='lat' dir='ltr'><strong>me</strong></span> <span class='ocrx_word' id='word_1_167' title='bbox 1064 1784 1206 1813; x_wconf 85' lang='lat' dir='ltr'><strong>errare</strong></span> <span class='ocrx_word' id='word_1_168' title='bbox 1230 1785 1468 1828; x_wconf 84' lang='lat' dir='ltr'><strong>cognosco,</strong></span> <span class='ocrx_word' id='word_1_169' title='bbox 1491 1769 1569 1833; x_wconf 92' lang='lat' dir='ltr'><strong>qui</strong></span> 
     </span>
     <span class='ocr_line' id='line_1_23' title="bbox 189 1837 1567 1904; baseline 0.002 -21"><span class='ocrx_word' id='word_1_170' title='bbox 189 1837 492 1884; x_wconf 88' lang='lat' dir='ltr'><strong>auctoritatem</strong></span> <span class='ocrx_word' id='word_1_171' title='bbox 515 1838 754 1885; x_wconf 85' lang='lat' dir='ltr'><strong>sanctitatis</strong></span> <span class='ocrx_word' id='word_1_172' title='bbox 774 1849 861 1885; x_wconf 87' lang='lat' dir='ltr'><strong>tuae</strong></span> <span class='ocrx_word' id='word_1_173' title='bbox 879 1838 966 1885; x_wconf 85' lang='lat' dir='ltr'><strong>fide</strong></span> <span class='ocrx_word' id='word_1_174' title='bbox 983 1839 1118 1899; x_wconf 87' lang='lat' dir='ltr'><strong>magis</strong></span> <span class='ocrx_word' id='word_1_175' title='bbox 1143 1839 1264 1904; x_wconf 88' lang='lat' dir='ltr'><strong>sequi</strong></span> <span class='ocrx_word' id='word_1_176' title='bbox 1282 1839 1405 1896; x_wconf 91' lang='lat' dir='ltr'><strong>volo,</strong></span> <span class='ocrx_word' id='word_1_177' title='bbox 1433 1857 1567 1904; x_wconf 90' lang='lat' dir='ltr'><strong>quam</strong></span> 
     </span>
     <span class='ocr_line' id='line_1_24' title="bbox 186 1908 1566 1975; baseline 0.002 -21"><span class='ocrx_word' id='word_1_178' title='bbox 186 1908 363 1955; x_wconf 87' lang='lat' dir='ltr'><strong>rationis</strong></span> <span class='ocrx_word' id='word_1_179' title='bbox 380 1908 512 1955; x_wconf 87' lang='lat' dir='ltr'><strong>corde</strong></span> <span class='ocrx_word' id='word_1_180' title='bbox 528 1921 756 1974; x_wconf 84' lang='lat' dir='ltr'><strong>conceptae</strong></span> <span class='ocrx_word' id='word_1_181' title='bbox 776 1909 882 1956; x_wconf 82' lang='lat' dir='ltr'><strong>falsa</strong></span> <span class='ocrx_word' id='word_1_182' title='bbox 896 1910 1084 1970; x_wconf 86' lang='lat' dir='ltr'><strong>imagine</strong></span> <span class='ocrx_word' id='word_1_183' title='bbox 1101 1910 1352 1974; x_wconf 86' lang='lat' dir='ltr'><strong>depravari,</strong></span> <span class='ocrx_word' id='word_1_184' title='bbox 1371 1911 1566 1975; x_wconf 88' lang='lat' dir='ltr'><strong>primum</strong></span> 
     </span>
     <span class='ocr_line' id='line_1_25' title="bbox 184 1979 1189 2045; baseline -0.002 -20"><span class='ocrx_word' id='word_1_185' title='bbox 184 1979 230 2026; x_wconf 89' lang='lat' dir='ltr'><strong>in</strong></span> <span class='ocrx_word' id='word_1_186' title='bbox 252 1979 505 2045; x_wconf 89' lang='lat' dir='ltr'><strong>memetipso</strong></span> <span class='ocrx_word' id='word_1_187' title='bbox 521 2017 533 2037; x_wconf 98' lang='lat'><strong>,</strong></span> <span class='ocrx_word' id='word_1_188' title='bbox 560 1980 724 2027; x_wconf 86' lang='lat' dir='ltr'><strong>dehinc</strong></span> <span class='ocrx_word' id='word_1_189' title='bbox 746 1981 792 2027; x_wconf 91' lang='lat' dir='ltr'><strong>in</strong></span> <span class='ocrx_word' id='word_1_190' title='bbox 818 1981 942 2028; x_wconf 86' lang='lat' dir='ltr'><strong>libris</strong></span> <span class='ocrx_word' id='word_1_191' title='bbox 961 1982 1143 2042; x_wconf 86' lang='lat' dir='ltr'><strong>corrige.</strong></span> <span class='ocrx_word' id='word_1_192' title='bbox 1168 2003 1189 2024; x_wconf 84' lang='grc'>»</span> 
     </span>
    </p>

    <p class='ocr_par' dir='ltr' id='par_1_4' title="bbox 182 2050 1570 2617">
     <span class='ocr_line' id='line_1_26' title="bbox 251 2050 1569 2117; baseline 0.002 -21"><span class='ocrx_word' id='word_1_193' title='bbox 251 2051 335 2096; x_wconf 93' lang='lat' dir='ltr'><strong>llI.</strong></span> <span class='ocrx_word' id='word_1_194' title='bbox 377 2072 397 2093; x_wconf 88' lang='lat'>«</span> <span class='ocrx_word' id='word_1_195' title='bbox 417 2051 509 2112; x_wconf 90' lang='lat' dir='ltr'><strong>Ego</strong></span> <span class='ocrx_word' id='word_1_196' title='bbox 531 2051 749 2117; x_wconf 90' lang='lat' dir='ltr'><strong>siquidem</strong></span> <span class='ocrx_word' id='word_1_197' title='bbox 776 2052 823 2098; x_wconf 92' lang='lat' dir='ltr'><strong>in</strong></span> <span class='ocrx_word' id='word_1_198' title='bbox 851 2052 1172 2116; x_wconf 87' lang='lat' dir='ltr'><strong>circumspecta</strong></span> <span class='ocrx_word' id='word_1_199' title='bbox 1197 2050 1436 2099; x_wconf 90' lang='lat' dir='ltr'><strong>admodum</strong></span> <span class='ocrx_word' id='word_1_200' title='bbox 1460 2052 1569 2098; x_wconf 89' lang='lat' dir='ltr'><strong>sim-</strong></span> 
     </span>
     <span class='ocr_line' id='line_1_27' title="bbox 184 2120 1567 2187; baseline 0.001 -21"><span class='ocrx_word' id='word_1_201' title='bbox 184 2120 381 2184; x_wconf 88' lang='lat' dir='ltr'><strong>plicitate</strong></span> <span class='ocrx_word' id='word_1_202' title='bbox 409 2121 591 2168; x_wconf 88' lang='lat' dir='ltr'><strong>audiens</strong></span> <span class='ocrx_word' id='word_1_203' title='bbox 613 2122 881 2187; x_wconf 91' lang='lat' dir='ltr'><strong>credensque</strong></span> <span class='ocrx_word' id='word_1_204' title='bbox 903 2122 1146 2168; x_wconf 90' lang='lat' dir='ltr'><strong>Dominum</strong></span> <span class='ocrx_word' id='word_1_205' title='bbox 1171 2123 1320 2168; x_wconf 89' lang='lat' dir='ltr'><strong>Jesum</strong></span> <span class='ocrx_word' id='word_1_206' title='bbox 1342 2122 1567 2168; x_wconf 89' lang='lat' dir='ltr'><strong>Christum</strong></span> 
     </span>
     <span class='ocr_line' id='line_1_28' title="bbox 183 2191 1567 2257; baseline 0.001 -20"><span class='ocrx_word' id='word_1_207' title='bbox 183 2191 333 2238; x_wconf 91' lang='lat' dir='ltr'><strong>lumen</strong></span> <span class='ocrx_word' id='word_1_208' title='bbox 358 2208 446 2238; x_wconf 87' lang='lat' dir='ltr'><strong>esse</strong></span> <span class='ocrx_word' id='word_1_209' title='bbox 468 2192 523 2238; x_wconf 88' lang='lat' dir='ltr'><strong>de</strong></span> <span class='ocrx_word' id='word_1_210' title='bbox 547 2193 714 2240; x_wconf 91' lang='lat' dir='ltr'><strong>lumine</strong></span> <span class='ocrx_word' id='word_1_211' title='bbox 730 2230 741 2251; x_wconf 88' lang='lat'><strong>,</strong></span> <span class='ocrx_word' id='word_1_212' title='bbox 780 2194 893 2240; x_wconf 91' lang='lat' dir='ltr'><strong>sicut</strong></span> <span class='ocrx_word' id='word_1_213' title='bbox 923 2194 1137 2257; x_wconf 89' lang='lat' dir='ltr'><strong>scriptum</strong></span> <span class='ocrx_word' id='word_1_214' title='bbox 1158 2204 1250 2249; x_wconf 84' lang='lat' dir='ltr'><strong>est,</strong></span> <span class='ocrx_word' id='word_1_215' title='bbox 1273 2214 1294 2236; x_wconf 69' lang='grc' dir='ltr'>α</span> <span class='ocrx_word' id='word_1_216' title='bbox 1313 2193 1429 2239; x_wconf 88' lang='lat' dir='ltr'><strong>Bene</strong></span> <span class='ocrx_word' id='word_1_217' title='bbox 1449 2210 1567 2239; x_wconf 89' lang='lat' dir='ltr'><strong>nun-</strong></span> 
     </span>
     <span class='ocr_line' id='line_1_29' title="bbox 185 2262 1568 2329; baseline 0.002 -21"><span class='ocrx_word' id='word_1_218' title='bbox 185 2283 207 2304; x_wconf 85' lang='lat'>»</span> <span class='ocrx_word' id='word_1_219' title='bbox 225 2263 329 2309; x_wconf 86' lang='lat' dir='ltr'><strong>tiate</strong></span> <span class='ocrx_word' id='word_1_220' title='bbox 344 2262 460 2309; x_wconf 92' lang='lat' dir='ltr'><strong>diem</strong></span> <span class='ocrx_word' id='word_1_221' title='bbox 483 2262 538 2310; x_wconf 93' lang='lat' dir='ltr'><strong>de</strong></span> <span class='ocrx_word' id='word_1_222' title='bbox 557 2263 627 2311; x_wconf 85' lang='lat' dir='ltr'><strong>die</strong></span> <span class='ocrx_word' id='word_1_223' title='bbox 651 2264 836 2312; x_wconf 89' lang='lat' dir='ltr'><strong>salutare</strong></span> <span class='ocrx_word' id='word_1_224' title='bbox 852 2269 945 2326; x_wconf 84' lang='lat' dir='ltr'><strong>ejus</strong></span> <span class='ocrx_word' id='word_1_225' title='bbox 960 2265 977 2294; x_wconf 77' lang='lat'><strong>3</strong></span> <span class='ocrx_word' id='word_1_226' title='bbox 990 2285 1003 2320; x_wconf 91' lang='lat'>;</span> <span class='ocrx_word' id='word_1_227' title='bbox 1017 2287 1037 2307; x_wconf 68' lang='lat'><strong>1&gt;</strong></span> <span class='ocrx_word' id='word_1_228' title='bbox 1061 2276 1103 2311; x_wconf 91' lang='lat' dir='ltr'><strong>et</strong></span> <span class='ocrx_word' id='word_1_229' title='bbox 1127 2265 1174 2311; x_wconf 93' lang='lat' dir='ltr'><strong>in</strong></span> <span class='ocrx_word' id='word_1_230' title='bbox 1192 2264 1415 2329; x_wconf 82' lang='lat' dir='ltr'><strong>Sapientia</strong></span> <span class='ocrx_word' id='word_1_231' title='bbox 1439 2264 1568 2311; x_wconf 89' lang='lat' dir='ltr'><strong>Salo-</strong></span> 
     </span>
     <span class='ocr_line' id='line_1_30' title="bbox 185 2333 1570 2392; baseline 0.001 -12"><span class='ocrx_word' id='word_1_232' title='bbox 185 2333 350 2392; x_wconf 88' lang='lat' dir='ltr'><strong>monis,</strong></span> <span class='ocrx_word' id='word_1_233' title='bbox 378 2355 398 2376; x_wconf 92' lang='lat'>«</span> <span class='ocrx_word' id='word_1_234' title='bbox 420 2334 599 2381; x_wconf 89' lang='lat' dir='ltr'><strong>Candor</strong></span> <span class='ocrx_word' id='word_1_235' title='bbox 649 2346 712 2383; x_wconf 88' lang='lat' dir='ltr'><strong>est</strong></span> <span class='ocrx_word' id='word_1_236' title='bbox 749 2336 866 2383; x_wconf 88' lang='lat' dir='ltr'><strong>enim</strong></span> <span class='ocrx_word' id='word_1_237' title='bbox 895 2336 1005 2382; x_wconf 90' lang='lat' dir='ltr'><strong>lucis</strong></span> <span class='ocrx_word' id='word_1_238' title='bbox 1038 2334 1270 2389; x_wconf 42' lang='lat' dir='ltr'><strong>aeternae&amp;</strong></span> <span class='ocrx_word' id='word_1_239' title='bbox 1292 2357 1312 2378; x_wconf 86' lang='grc'>»</span> <span class='ocrx_word' id='word_1_240' title='bbox 1334 2335 1570 2383; x_wconf 85' lang='lat' dir='ltr'><strong>credebam</strong></span> 
     </span>
     <span class='ocr_line' id='line_1_31' title="bbox 186 2404 1565 2470; baseline 0.003 -19"><span class='ocrx_word' id='word_1_241' title='bbox 186 2405 329 2452; x_wconf 91' lang='lat' dir='ltr'><strong>Deum</strong></span> <span class='ocrx_word' id='word_1_242' title='bbox 353 2404 474 2470; x_wconf 88' lang='lat' dir='ltr'><strong>quod</strong></span> <span class='ocrx_word' id='word_1_243' title='bbox 508 2405 610 2453; x_wconf 85' lang='lat' dir='ltr'><strong>licet</strong></span> <span class='ocrx_word' id='word_1_244' title='bbox 645 2407 820 2455; x_wconf 91' lang='lat' dir='ltr'><strong>credere</strong></span> <span class='ocrx_word' id='word_1_245' title='bbox 857 2419 907 2455; x_wconf 89' lang='lat' dir='ltr'><strong>ut</strong></span> <span class='ocrx_word' id='word_1_246' title='bbox 939 2407 1121 2469; x_wconf 90' lang='lat' dir='ltr'><strong>dignum</strong></span> <span class='ocrx_word' id='word_1_247' title='bbox 1148 2418 1317 2454; x_wconf 90' lang='lat' dir='ltr'><strong>estnon</strong></span> <span class='ocrx_word' id='word_1_248' title='bbox 1337 2408 1536 2455; x_wconf 87' lang='lat' dir='ltr'><strong>valebam</strong></span> <span class='ocrx_word' id='word_1_249' title='bbox 1554 2446 1565 2465; x_wconf 85' lang='lat'><strong>,</strong></span> 
     </span>
     <span class='ocr_line' id='line_1_32' title="bbox 183 2475 1568 2541; baseline 0.004 -20"><span class='ocrx_word' id='word_1_250' title='bbox 183 2485 328 2523; x_wconf 90' lang='lat' dir='ltr'><strong>tamen</strong></span> <span class='ocrx_word' id='word_1_251' title='bbox 352 2493 439 2523; x_wconf 89' lang='lat' dir='ltr'><strong>esse</strong></span> <span class='ocrx_word' id='word_1_252' title='bbox 463 2475 784 2526; x_wconf 84' lang='lat' dir='ltr'><strong>inaestimabilis</strong></span> <span class='ocrx_word' id='word_1_253' title='bbox 814 2479 1045 2540; x_wconf 81' lang='lat' dir='ltr'><strong>qu&#39;usdam</strong></span> <span class='ocrx_word' id='word_1_254' title='bbox 1068 2478 1178 2526; x_wconf 88' lang='lat' dir='ltr'><strong>lucis</strong></span> <span class='ocrx_word' id='word_1_255' title='bbox 1199 2479 1418 2527; x_wconf 87' lang='lat' dir='ltr'><strong>infinitam</strong></span> <span class='ocrx_word' id='word_1_256' title='bbox 1441 2497 1568 2541; x_wconf 88' lang='lat' dir='ltr'><strong>mag-</strong></span> 
     </span>
     <span class='ocr_line' id='line_1_33' title="bbox 182 2546 1569 2617; baseline 0.004 -24"><span class='ocrx_word' id='word_1_257' title='bbox 182 2546 430 2594; x_wconf 89' lang='lat' dir='ltr'><strong>nitudinem</strong></span> <span class='ocrx_word' id='word_1_258' title='bbox 450 2584 461 2605; x_wconf 91' lang='lat'><strong>,</strong></span> <span class='ocrx_word' id='word_1_259' title='bbox 489 2552 615 2610; x_wconf 86' lang='lat' dir='ltr'><strong>cujus</strong></span> <span class='ocrx_word' id='word_1_260' title='bbox 634 2568 714 2598; x_wconf 88' lang='lat' dir='ltr'><strong>nec</strong></span> <span class='ocrx_word' id='word_1_261' title='bbox 739 2552 994 2616; x_wconf 88' lang='lat' dir='ltr'><strong>qualitatem</strong></span> <span class='ocrx_word' id='word_1_262' title='bbox 1023 2551 1262 2609; x_wconf 83' lang='lat' dir='ltr'><strong>aestimare,</strong></span> <span class='ocrx_word' id='word_1_263' title='bbox 1287 2569 1368 2599; x_wconf 89' lang='lat' dir='ltr'><strong>nec</strong></span> <span class='ocrx_word' id='word_1_264' title='bbox 1388 2552 1569 2617; x_wconf 90' lang='lat' dir='ltr'><strong>quanti-</strong></span> 
     </span>
    </p>
   </div>
   <div class='ocr_carea' id='block_1_3' title="bbox 233 2631 1542 2679">
    <p class='ocr_par' dir='ltr' id='par_1_5' title="bbox 233 2631 1542 2679">
     <span class='ocr_line' id='line_1_34' title="bbox 233 2631 1542 2679; baseline -0.001 -13"><span class='ocrx_word' id='word_1_265' title='bbox 233 2631 244 2654; x_wconf 87' lang='lat'><em>¹</em></span> <span class='ocrx_word' id='word_1_266' title='bbox 266 2633 445 2676; x_wconf 79' lang='lat' dir='ltr'><strong>Apoc.1u‚</strong></span> <span class='ocrx_word' id='word_1_267' title='bbox 466 2644 498 2673; x_wconf 78' lang='lat'><strong>7.</strong></span> <span class='ocrx_word' id='word_1_268' title='bbox 516 2648 562 2657; x_wconf 88' lang='lat'><strong>—-</strong></span> <span class='ocrx_word' id='word_1_269' title='bbox 579 2632 595 2657; x_wconf 83' lang='lat'><strong>2</strong></span> <span class='ocrx_word' id='word_1_270' title='bbox 614 2645 630 2666; x_wconf 61' lang='grc' dir='ltr'>π</span> <span class='ocrx_word' id='word_1_271' title='bbox 652 2637 932 2676; x_wconf 82' lang='lat' dir='ltr'><strong>Cor.111‚18.—</strong></span> <span class='ocrx_word' id='word_1_272' title='bbox 952 2632 967 2658; x_wconf 83' lang='lat'><strong>3</strong></span> <span class='ocrx_word' id='word_1_273' title='bbox 981 2634 1064 2669; x_wconf 83' lang='lat' dir='ltr'><strong>Psal.</strong></span> <span class='ocrx_word' id='word_1_274' title='bbox 1083 2645 1154 2675; x_wconf 86' lang='lat' dir='ltr'><strong>xcv,</strong></span> <span class='ocrx_word' id='word_1_275' title='bbox 1172 2646 1202 2667; x_wconf 62' lang='grc'><strong>2,</strong></span> <span class='ocrx_word' id='word_1_276' title='bbox 1216 2653 1263 2660; x_wconf 95' lang='lat'>—</span> <span class='ocrx_word' id='word_1_277' title='bbox 1280 2632 1295 2658; x_wconf 84' lang='lat'><strong>⁴</strong></span> <span class='ocrx_word' id='word_1_278' title='bbox 1313 2637 1387 2679; x_wconf 84' lang='lat' dir='ltr'><strong>Sap.</strong></span> <span class='ocrx_word' id='word_1_279' title='bbox 1406 2646 1467 2674; x_wconf 77' lang='lat' dir='ltr'><strong>vu,</strong></span> <span class='ocrx_word' id='word_1_280' title='bbox 1490 2636 1542 2666; x_wconf 78' lang='lat'><strong>26.</strong></span> 
     </span>
    </p>
   </div>
  </div>
 </body>
</html>
