1902 3268
408 286 501 351 466
812 299 845 329 s,
891 297 1134 329 Ancus-nm
1170 297 1370 328 izmscort

404 382 554 426 genere
573 363 853 419 contristatis,
869 374 910 409 et
928 363 1259 426 desperantibus
1277 379 1541 427 quemquam
1563 380 1683 428 posse
1696 363 1777 410 sal-

405 435 812 500 vari‚posteaquam
830 432 968 478 abillo
985 432 1240 488 audierunt,
1263 432 1432 478 facilius
1455 450 1541 479 esse
1562 432 1776 479 camelum

402 505 563 552 intrare
582 521 661 568 per
675 503 868 548 foramen
889 519 1012 558 acus,
1040 519 1171 565 quam
1201 501 1379 548 divitem
1402 505 1446 550 in
1480 521 1660 563 regnum
1681 520 1777 550 coe-

402 575 545 622 lorum
566 574 606 632 1;
636 573 822 619 mirifica
845 582 887 617 et
911 571 1307 624 misericordissima
1336 573 1651 636 pollicitatione
1685 591 1776 620 res-

399 645 574 710 pondit,
604 646 694 690 Deo
718 659 804 688 esse
826 641 952 688 facile
973 641 1093 705 quod
1126 641 1383 688 hominibus
1416 643 1769 706 impossibileest.

399 717 483 770 Cui
497 732 596 776 ergo
608 714 734 760 facile
749 724 829 770 est,
857 714 1048 759 utetiam
1074 712 1194 759 dives
1217 713 1348 759 intret
1364 714 1409 759 in
1430 731 1611 774 regnum
1633 714 1776 761 coelo-

396 805 512 843 rum,
553 785 783 849 inspiravit
822 784 905 829 tibi
945 784 1062 847 piam
1104 783 1446 830 sollicitudinem
1465 821 1476 840 ‚
1504 785 1559 831 de
1582 801 1670 849 qua
1708 802 1777 830 me

394 856 710 904 consulendum
734 855 914 919 putasti,
941 871 1132 918 quonam
1159 854 1292 900 modo
1316 865 1421 900 esset
1435 855 1518 901 tibi
1541 854 1770 902 orandum.

396 929 474 974 llle
498 944 687 990 namque
718 943 820 971 cum
846 925 975 971 etiam
1004 925 1078 970 hic
1109 925 1258 971 adhuc
1293 936 1400 971 esset
1429 926 1475 972 in
1512 943 1659 982 carne,
1686 927 1777 972 Za-

394 998 569 1045 chaeum
588 997 766 1043 divitem
795 996 840 1042 in
861 1011 1041 1055 regnum
1061 995 1275 1041 coelorum
1301 995 1465 1052 misit2,
1486 1006 1528 1042 et
1554 1012 1776 1042 resurrec-

400 1069 516 1115 tione
537 1079 666 1131 atque
692 1066 939 1112 ascensione
961 1065 1243 1125 glorificatus,
1273 1066 1434 1111 multos
1456 1077 1605 1129 postea
1624 1066 1779 1113 divites

393 1139 617 1202 impartito
634 1138 804 1200 Spiritu
824 1146 973 1182 sancto
989 1136 1091 1181 fecit
1111 1135 1245 1195 hujus
1268 1136 1417 1182 saeculi
1437 1147 1779 1200 contemptores,

394 1221 437 1255 et
463 1209 587 1255 finita
613 1208 867 1254 divitiarum
901 1206 1144 1270 cupiditate
1170 1206 1361 1253 ditiores.
1401 1206 1637 1263 Quomodo
1660 1207 1775 1253 enim

394 1292 441 1327 tu
460 1281 520 1327 sic
537 1279 730 1332 studeres
743 1295 864 1324 orare
888 1280 1048 1331 Deum,
1068 1277 1149 1323 nisi
1168 1294 1359 1341 sperares
1381 1277 1426 1323 in
1446 1280 1526 1323 eo?
1553 1278 1777 1341 quomodo

394 1363 536 1399 autem
561 1367 751 1416 sperares
793 1350 839 1395 in
875 1350 1043 1395 incerto
1082 1348 1355 1404 divitiarum,
1403 1358 1446 1394 et
1482 1359 1778 1396 contemneres

393 1433 666 1487 praeceptum
688 1419 1044 1476 saluberrimum,
1067 1435 1155 1482 quo
1178 1418 1412 1482 Apostolus
1425 1418 1510 1465 ait}
1534 1440 1554 1461 «
1576 1419 1778 1483 Praecipe

395 1515 416 1534 ι)
440 1492 652 1538 divitibus
674 1490 752 1550 huj
763 1506 808 1535 us
835 1488 989 1535 mundi
1006 1506 1094 1534 non
1110 1489 1299 1552 superbe
1322 1506 1494 1552 sapere3
1517 1505 1657 1552 neque
1682 1506 1776 1552 spe-

393 1586 414 1606 »
435 1580 527 1610 rare
545 1563 590 1608 in
613 1579 681 1618 eo,
703 1561 738 1607 si
762 1561 1016 1624 speraresin
1041 1560 1207 1606 incerto
1231 1560 1504 1615 divitiarum,
1531 1560 1667 1608 sedin
1682 1560 1774 1610 Deo

392 1655 415 1676 »
433 1633 552 1689 vivo,
582 1632 658 1695 qui
698 1641 878 1694 praestat
901 1631 1028 1676 nobis
1054 1631 1201 1676 omnia
1220 1629 1500 1677 abundanter
1524 1630 1580 1677 ad
1617 1629 1775 1676 fruen÷

396 1725 418 1748 >2
438 1703 570 1760 dum3
596 1713 644 1749 ut
665 1701 821 1748 divites
852 1700 938 1747 sint
961 1701 1007 1746 in
1021 1701 1227 1764 operibus
1242 1700 1388 1758 bonis,
1405 1700 1532 1747 facile
1553 1700 1770 1759 tribuant,

396 1797 417 1818 »
440 1773 785 1827 communicent,
821 1771 1111 1817 thesaurizent
1133 1770 1218 1816 sibi
1244 1769 1581 1818 fundamentum
1604 1771 1774 1818 honum

395 1867 418 1890 »
440 1845 485 1892 in
503 1844 719 1899 futurum,
748 1852 796 1887 ut
813 1841 1151 1906 apprehendant
1169 1858 1315 1888 veram
1333 1842 1468 1889 vitam
1491 1841 1524 1887 ³.
1552 1862 1573 1885 »

462 1916 546 1963 III.
577 1914 721 1960 Debes
752 1913 900 1976 itaque
935 1929 1029 1977 prae
1060 1929 1205 1959 amore
1222 1912 1356 1974 hujus
1387 1930 1501 1960 verae
1523 1912 1625 1960 vitae
1647 1911 1779 1958 etiam

398 1985 635 2032 desolatam
666 1995 708 2029 te
734 1993 890 2046 putare
913 1978 957 2029 in
989 1983 1076 2028 hoc
1102 1982 1261 2029 saeculo
1279 2020 1289 2039 ,
1317 1983 1362 2029 in
1389 1983 1663 2047 quantalibet
1687 1985 1780 2043 ejus

399 2057 606 2103 felicitate
625 2053 816 2104 verseris.
860 2054 971 2099 Nam
1001 2054 1115 2099 sicut
1137 2063 1201 2099 est
1231 2053 1306 2100 illa
1334 2071 1433 2100 vera
1450 2054 1540 2101 vita
1556 2090 1568 2110 ,
1591 2055 1637 2099 in
1654 2056 1781 2113 cujus

398 2124 725 2189 comparatione
742 2124 894 2186 utique
910 2123 987 2169 ista
999 2140 1100 2187 quae
1120 2123 1309 2170 multum
1329 2135 1521 2181 amatur,
1538 2123 1782 2187 quamlibet

393 2195 594 2258 jucunda
619 2205 748 2258 atque
765 2193 984 2258 producta
1010 2194 1086 2251 sit,
1111 2211 1190 2240 nec
1210 2195 1298 2241 vita
1315 2194 1502 2241 dicenda
1520 2204 1583 2241 est
1604 2211 1615 2240 ε
1639 2194 1700 2245 sic
1719 2203 1783 2240 est

399 2269 528 2315 etiam
562 2266 765 2312 solatium
790 2280 939 2312 verum
957 2302 968 2319 ‚
1005 2265 1127 2329 quod
1151 2282 1230 2329 per
1256 2266 1530 2329 Prophetam
1563 2265 1783 2312 Dominus

401 2337 622 2403 promittit
655 2336 803 2382 dicens
823 2352 834 2381 z
853 2357 874 2377 «
893 2335 1023 2384 Dabo
1046 2336 1109 2382 illi
1125 2336 1325 2382 solatium
1345 2353 1495 2384 verum
1508 2374 1520 2394 ,
1538 2353 1692 2400 pacem
1706 2352 1781 2382 su-

403 2432 425 2452 »
449 2426 528 2474 per
558 2407 739 2472 paceml⁸
765 2425 776 2452 z
804 2428 826 2449 »
848 2408 938 2453 sine
961 2423 1051 2470 quo
1071 2407 1223 2455 solatio
1245 2423 1540 2471 quaecumque
1567 2416 1665 2454 sunt
1692 2416 1781 2453 ter-

401 2497 505 2526 rena
539 2478 717 2536 solatia,
754 2477 890 2539 magis
923 2477 969 2523 in
1005 2477 1066 2524 eis
1098 2477 1340 2535 desolatio,
1376 2494 1510 2542 quam
1544 2475 1783 2531 consolatio

450 2582 462 2606 ⁸
481 2578 601 2612 Matth.
614 2588 682 2617 xxx,
700 2584 754 2615 24.
775 2594 822 2602 —
840 2575 856 2602 ²
870 2579 948 2610 Luc.
973 2587 1044 2617 nx,
1061 2588 1097 2620 9.
1117 2593 1162 2604 =—
1182 2575 1197 2601 ³
1216 2589 1229 2610 x
1251 2576 1336 2613 Tim.
1355 2588 1398 2619 vi,
1425 2589 1478 2619 17.
1501 2593 1546 2602 --
1566 2574 1582 2602 ⁴
1598 2577 1671 2611 lsai.
1685 2588 1756 2612 nvn
1769 2600 1780 2618 ‚

405 2638 461 2680 18,
486 2646 542 2678 19,
555 2635 646 2679 juxta
664 2643 739 2665 Lxx.
