1902 3268
696 325 909 359 zmsroLA
945 326 1022 355 cn.
1456 310 1546 357 255

161 393 272 440 mihi
296 394 531 440 rescribere
553 392 764 449 noluisse,
792 391 905 438 nihil
938 390 1022 436 sibi
1047 407 1068 435 a
1089 406 1156 435 me
1174 389 1307 435 scribi
1336 390 1534 436 voluisse.

161 464 352 511 Proinde
376 465 555 511 obsecro
582 473 650 520 te,
690 474 739 509 ut
764 461 1137 527 quemadmodum
1171 478 1248 521 ego
1289 461 1364 506 tibi
1384 461 1537 524 parui,

160 544 288 597 atque
310 535 423 580 inter
445 552 558 580 meas
583 534 840 579 arctissimas
851 533 1184 597 occupationes,
1212 542 1325 577 tuam
1344 541 1538 576 sanctam

158 604 356 670 mihique
372 606 671 652 charissimam
691 605 961 651 voluntatem
980 603 1197 650 offendere
1222 602 1374 658 timui,
1399 603 1537 648 sinon

156 672 341 721 facerem
352 675 471 739 quod
493 675 662 739 petisti,
688 675 748 720 ita
764 685 809 721 tu
830 690 1004 738 quoque
1019 673 1148 718 facias
1165 673 1284 737 quod
1301 683 1415 736 peto.
1442 673 1539 718 Hoc

156 754 219 790 est
254 755 398 791 autem
414 783 426 803 ,
460 756 508 792 ut
530 746 721 792 breviter
745 743 1120 808 quemadmodum
1145 759 1168 787 a
1191 753 1231 788 te
1251 779 1262 797 ‚
1285 743 1398 788 sicut
1428 741 1538 787 mibi

155 813 382 872 indicasti,
423 816 690 880 postulavit,
722 816 777 862 ad
801 815 946 860 onmia
975 814 1039 860 illi
1057 813 1316 877 respondere
1338 829 1427 858 non
1445 829 1538 873 gra-

154 886 268 933 veris
282 924 294 944 ‚
316 888 438 952 quod
458 899 502 934 et
525 897 622 934 ante
640 886 781 933 facere
813 886 1005 949 potuisti.
1035 884 1152 931 Scies
1174 884 1287 930 enim
1309 900 1411 930 cum
1428 883 1536 943 lege-

153 956 212 1003 ris
228 993 240 1013 ,
263 958 500 1022 nihilpene
519 975 542 1004 a
563 974 632 1003 me
647 957 814 1003 dictum
828 994 839 1015 ,
869 956 990 1020 quod
1013 956 1105 1020 ipse
1123 973 1211 1003 non
1228 972 1406 1002 noveras
1422 991 1433 1010 ‚
1461 965 1538 1000 aut

152 1027 274 1091 quod
293 1046 362 1074 me
384 1038 552 1075 tacente
572 1045 695 1074 nosse
713 1046 802 1074 non
827 1039 1014 1092 poteras.
1047 1027 1131 1073 Sed
1153 1027 1240 1073 boc
1255 1043 1365 1090 opus
1388 1041 1534 1071 meum

151 1105 257 1158 rogo
281 1097 442 1145 habeas
472 1116 572 1145 cum
595 1100 784 1155 caeteriS‚
802 1115 990 1163 quorum
1021 1097 1163 1144 studio
1182 1098 1262 1144 seis
1283 1096 1528 1143 convenire.

153 1169 300 1214 Tuum
316 1185 418 1216 vero
441 1169 552 1216 illud
575 1169 695 1234 quod
712 1170 861 1230 flagito
877 1207 888 1226 ,
912 1169 1075 1215 habeat
1092 1169 1184 1233 ipse
1207 1170 1278 1215 cui
1291 1169 1379 1214 hoc
1395 1167 1531 1232 potis-

151 1237 308 1285 simum
344 1241 574 1301 congruit,
601 1251 643 1286 et
669 1241 813 1287 caeteri
839 1257 947 1304 quos
982 1257 1070 1286 non
1096 1256 1255 1304 parum
1280 1240 1360 1285 ista
1385 1238 1528 1284 delec-

150 1317 267 1368 tant,
287 1311 658 1374 quemadmodum
684 1311 772 1357 dici
795 1321 974 1375 possunt
998 1305 1073 1356 abs
1109 1321 1149 1356 te
1168 1348 1179 1367 ‚
1208 1311 1321 1356 inter
1340 1326 1450 1375 quos
1486 1318 1528 1354 et

149 1378 243 1443 ipse
264 1397 374 1429 sum.
400 1381 530 1430 Vivas
549 1399 719 1446 semper
740 1382 786 1428 in
813 1382 989 1428 Christo
1019 1385 1153 1428 nostri
1177 1397 1357 1427 memor.

638 1541 842 1581 QUAESTIO
880 1541 1034 1573 PRIMA.

613 1635 679 1678 De
709 1634 1052 1677 Resurrectione.

214 1760 279 1811 ΙΙ.
311 1761 471 1807 Movrr
505 1759 744 1825 quosdam,
772 1771 813 1806 et
847 1759 1077 1823 requirunt
1106 1755 1159 1803 de
1183 1756 1358 1803 duabus
1382 1773 1529 1804 resur-

149 1830 421 1883 rectionibus
470 1848 570 1895 quae
616 1831 845 1877 conveniat
907 1829 1134 1893 promissae
1189 1827 1493 1874 resurrectioni
1518 1865 1529 1885 ,

154 1913 408 1949 utrumnam
447 1902 614 1948 Christi
650 1920 704 1947 an
734 1902 913 1948 Lazari?
944 1923 964 1943 «
988 1901 1032 1946 Si
1068 1899 1261 1956 Christi,
1294 1899 1531 1963 inquiunt,

155 1972 379 2038 quomodo
397 1984 541 2037 potest
564 1973 664 2019 haec
689 1973 919 2019 convenire
942 1969 1244 2018 resurrectioni
1265 1980 1466 2015 natorum
1487 1987 1536 2014 ex

158 2043 341 2102 semine,
367 2048 458 2106 eJus
487 2044 563 2108 qui
595 2043 714 2091 nulla
738 2044 910 2090 seminis
939 2041 1190 2089 conditione
1220 2051 1346 2087 natus
1379 2043 1468 2087 est?
1491 2040 1537 2086 Si

160 2125 305 2164 autem
335 2115 487 2162 Lazari
521 2114 778 2161 resurrectio
813 2113 1045 2160 convenire
1083 2111 1311 2166 asseritur,
1352 2128 1403 2156 ne
1438 2110 1538 2156 haec

161 2184 342 2250 quidem
360 2202 598 2246 congruere
619 2185 806 2233 videtur.
841 2183 1069 2248 Siquidem
1101 2182 1253 2228 Lazari
1286 2181 1540 2227 resurrectio

163 2254 277 2304 facta
302 2256 355 2303 sit
373 2255 426 2302 de
453 2273 638 2320 corpore
661 2255 858 2302 nondum
879 2255 1145 2308 tabescente,
1174 2252 1227 2298 de
1258 2269 1307 2297 eo
1329 2269 1512 2315 corpore
1528 2289 1538 2307 ‚

164 2343 255 2392 quo
273 2327 461 2373 Lazarus
478 2326 711 2373 dicebatur
732 2345 743 2372 ι
768 2337 913 2372 nostra
937 2337 1077 2372 autem
1096 2322 1243 2369 multis
1259 2322 1428 2368 saeculis
1444 2333 1543 2386 post

167 2412 215 2443 ex
239 2396 418 2444 confuso
435 2408 622 2444 eruetur.
648 2396 817 2443 Deinde
841 2398 874 2444 si
890 2407 990 2459 post
1008 2393 1360 2441 resurrectionem
1377 2430 1387 2449 ,
1412 2403 1547 2439 status

168 2464 324 2514 beatus
342 2466 516 2514 futurus
535 2477 620 2525 est,
646 2466 767 2518 nulla
793 2467 989 2530 corporis
1011 2464 1168 2526 injuria
1190 2501 1201 2521 ,
1228 2463 1348 2510 nulla
1362 2464 1547 2511 necessi-

173 2546 259 2590 tate
284 2536 434 2596 famis,
474 2537 585 2605 quid
614 2537 699 2590 sibi
720 2537 817 2587 vult
843 2537 1038 2585 cibatum
1063 2534 1291 2584 Christum
1325 2534 1480 2593 fuisse,
1507 2545 1548 2582 et

223 2640 233 2663 ὗ
255 2641 352 2673 Joan.
371 2650 417 2681 xi,
439 2641 493 2677 43.
