1902 3268
335 305 392 331 21»
760 304 795 333 s.
838 303 1080 335 Aucus-rint
1117 303 1318 334 muscori

335 369 456 412 clna·r
472 368 554 412 sint
572 405 581 423 ‚
610 368 721 413 sicut
740 386 808 413 eas
822 368 989 414 suturas
1003 387 1225 432 speramus
1241 406 1251 425 ‚
1272 385 1371 414 cum
1392 368 1461 414 ille
1480 367 1716 415 inell'abili-

337 450 400 483 ter
422 438 610 501 pulcher
628 439 754 484 nobis
774 441 1047 501 apparuerit,
1067 440 1110 485 in
1126 457 1255 502 quem
1272 439 1404 485 modo
1422 456 1509 484 non
1524 439 1716 486 videntes

337 509 557 555 credimus
582 528 592 554 ε
622 521 728 554 tunc
748 510 862 554 enim
886 511 1042 556 similes
1067 511 1103 556 ei
1128 512 1308 567 erimus,
1332 510 1508 574 quando
1541 510 1716 556 videbi-

336 596 430 624 mus
447 596 545 624 cum
568 579 696 624 sicuti
716 589 791 624 est.
820 579 952 636 Quod
973 590 1014 625 et
1034 591 1080 626 tu
1108 580 1162 626 de
1190 581 1332 626 anima
1357 591 1426 626 tua
1443 618 1453 637 ,
1479 580 1513 626 si
1531 580 1717 626 libenter

333 659 375 693 et
394 649 579 695 fraterne
602 667 669 695 me
688 650 852 713 accipis
867 687 877 703 ‚
911 650 1195 696 admonemus
1226 661 1274 696 ut
1297 652 1474 707 sentias,
1495 668 1574 696 nec
1593 668 1716 696 eam-

334 719 433 765 dem
476 720 712 783 pulchram
755 738 840 766 esse
882 738 1120 784 przesumas
1165 738 1175 766 :
1227 720 1299 767 sed
1342 720 1716 785 quemadmodum

333 790 568 852 Apostolus
609 790 840 854 praecipit,
874 792 917 837 in
948 810 1023 856 spe
1050 792 1265 852 gaudeas,
1296 802 1339 836 et
1368 791 1488 855 quod
1523 792 1717 855 sequitur

330 860 461 906 facias
484 879 494 906 ι
522 861 594 907 Sic
618 861 731 906 enim
756 861 866 907 dicit
890 881 900 907 ε
930 885 950 905 «
974 864 1061 927 Spe
1078 863 1312 923 gaudentes
1331 899 1342 917 ‚
1369 862 1414 908 in
1438 861 1716 908 tribulatione

331 953 351 973 >2
377 931 629 994 patientes1.
663 932 749 996 Spe
775 933 890 979 enim
911 934 1017 980 salvi
1044 934 1148 980 faeti
1168 951 1320 980 sumus
1344 951 1355 978 :
1381 955 1402 975 ›>
1430 933 1546 980 sicut
1569 949 1716 979 rursus

328 1003 442 1049 idem
461 1003 552 1067 ipse
572 1003 680 1050 dicit
704 1022 714 1049 ε
741 1025 761 1046 ι(
782 1006 889 1069 Spes
908 1017 1054 1052 autem
1076 1024 1176 1070 quae
1192 1006 1384 1062 videtur,
1406 1023 1494 1051 non
1518 1016 1580 1051 est
1598 1022 1708 1068 spes.

331 1096 352 1116 »
378 1074 511 1130 Quod
530 1074 644 1120 enim
660 1074 778 1121 videt
791 1076 910 1139 quis,
938 1076 1046 1141 quid
1065 1080 1238 1141 sperat?
1262 1077 1305 1122 Si
1322 1087 1464 1123 autem
1481 1075 1603 1140 quod
1627 1093 1715 1122 non

331 1166 351 1188 ))
375 1145 573 1191 videmus
590 1162 812 1209 speramus
830 1183 842 1202 ‚
864 1165 942 1210 per
966 1149 1221 1211 patientiam
1246 1158 1519 1211 expectamus
1533 1148 1565 1194 2.
1606 1148 1715 1193 Haec

332 1216 569 1279 »patientia
596 1216 637 1262 in
658 1227 697 1263 te
720 1235 807 1263 non
828 1218 1025 1275 deficiat,
1053 1230 1095 1264 et
1120 1219 1165 1264 in
1189 1219 1305 1264 bona
1329 1218 1593 1265 conscientia
1616 1234 1714 1264 sus-

330 1308 344 1327 0
365 1287 448 1332 tine
465 1287 725 1338 Dominum.
748 1299 789 1334 et
805 1289 986 1335 viriliter
1000 1307 1090 1350 age,
1114 1299 1157 1335 et
1178 1288 1448 1336 eonfortetur
1468 1306 1542 1335 cor
1560 1299 1710 1346 tuum,

329 1380 342 1396 »ι
361 1369 402 1404 ct
416 1359 575 1404 sustine
592 1359 847 1407 Dominum.
867 1384 882 1402 »

394 1430 453 1474 ll.
492 1429 769 1475 Manifestum
795 1442 858 1477 est
883 1432 1087 1496 quidem,
1122 1432 1242 1496 quod
1276 1432 1309 1477 si
1334 1431 1390 1478 ad
1415 1448 1492 1478 nos
1515 1432 1681 1478 venires
1699 1469 1710 1487 ‚

328 1498 562 1545 venerabili
584 1500 792 1565 episcopo
815 1503 988 1549 Aurelio
1008 1521 1093 1549 non
1115 1502 1446 1549 communicans
1460 1540 1470 1558 ,
1494 1519 1574 1548 nec
1594 1501 1712 1566 apud

330 1589 407 1616 nos
424 1588 566 1634 posses
584 1571 908 1619 communicare
932 1591 942 1619 :
966 1574 1040 1620 sed
1059 1592 1107 1620 ea
1127 1573 1342 1619 charitate
1358 1590 1435 1619 nos
1452 1572 1709 1628 faceremus,

328 1659 414 1706 qua
437 1652 479 1687 et
501 1642 624 1688 illum
649 1643 788 1690 facere
815 1663 903 1691 non
927 1646 1197 1692 dubitamus.
1224 1646 1313 1690 Nee
1332 1644 1429 1691 ideo
1449 1655 1592 1690 tamen
1613 1661 1714 1690 one-

327 1730 452 1759 rosus
475 1713 603 1758 nobis
627 1725 734 1760 esset
753 1715 963 1762 adventus
985 1727 1083 1763 tuus
1103 1735 1112 1761 ε
1144 1716 1245 1779 quia
1269 1726 1311 1761 et
1329 1726 1369 1760 te
1393 1725 1566 1778 oportet
1584 1731 1713 1778 aequo

329 1783 475 1829 animo
507 1783 648 1830 faeere
675 1803 758 1848 pro
793 1786 1000 1833 Ecclesiae
1037 1786 1270 1850 disciplina
1288 1823 1300 1844 ‚
1328 1783 1573 1849 praesertim
1596 1785 1713 1832 salva

328 1855 614 1912 conscientia,
643 1873 776 1920 quam
798 1867 845 1903 tu
870 1859 984 1904 nosti
1002 1869 1044 1905 et
1071 1860 1201 1905 Deus.
1228 1859 1378 1920 Neque
1394 1855 1508 1901 enim
1532 1866 1573 1900 et
1589 1855 1661 1902 ille
1678 1856 1709 1901 si

328 1942 503 1971 eausam
545 1936 662 1971 tuam
692 1926 1013 1973 discutiendam
1050 1928 1251 1983 distulit,
1287 1925 1388 1972 odio
1418 1925 1483 1971 tui
1515 1925 1641 1983 feeit,
1671 1936 1713 1971 et

327 2012 416 2041 non
438 1996 764 2042 necessitatibus
789 1996 877 2043 suis
899 2015 911 2043 :
934 2015 1041 2061 quas
1068 2008 1114 2044 tu
1135 1999 1168 2044 si
1196 1998 1253 2043 ita
1272 2013 1414 2043 nosses
1430 1995 1712 2059 quemadmo-

328 2065 435 2112 dum
455 2077 575 2112 tuam
600 2067 737 2123 nosti,
760 2085 840 2114 nec
864 2069 1080 2116 mirareris
1097 2107 1108 2126 ‚
1129 2087 1208 2116 nec
1223 2067 1548 2115 contristareris.
1580 2067 1712 2124 Quod

331 2137 460 2182 etiam
486 2137 540 2183 de
562 2139 719 2184 nostris
752 2139 941 2203 petimus
974 2140 1151 2194 eredas,
1190 2140 1294 2204 quia
1320 2138 1516 2185 similiter
1534 2156 1603 2184 eas
1623 2156 1711 2185 non

328 2219 452 2271 potes
478 2226 609 2255 nosse.
654 2211 766 2256 Sunt
800 2222 939 2257 autem
976 2217 1158 2273 majores
1194 2211 1349 2267 uobis,
1377 2220 1419 2255 et
1454 2209 1711 2255 auctoritate

329 2278 546 2338 digniores
564 2318 575 2337 ‚
603 2291 644 2326 et
667 2281 765 2327 loco
797 2282 1026 2329 viciniores
1059 2282 1278 2347 episcopi,
1304 2298 1384 2344 per
1410 2297 1520 2343 quos
1540 2280 1710 2326 facilius

329 2351 503 2412 possitis
536 2351 590 2396 ad
624 2369 774 2397 euram
811 2364 993 2400 vestram
1030 2353 1285 2418 pertinentis
1320 2351 1526 2397 Ecclesioe
1561 2368 1710 2397 causas

323 2422 491 2484 exequi.
523 2423 612 2468 Nec
633 2441 709 2483 ego
735 2434 874 2469 tamen
907 2426 1021 2470 tacui
1047 2424 1166 2488 apud
1188 2421 1475 2470 venerabilem
1497 2431 1539 2466 et
1563 2421 1709 2468 debita

328 2492 439 2537 mihi
456 2511 538 2556 pro
552 2497 643 2553 ers
656 2495 818 2540 meritis
830 2495 1164 2542 honorificentia
1181 2491 1508 2556 suscipiendum
1530 2492 1705 2539 fratrem

327 2572 369 2607 et
391 2563 599 2625 collegam
626 2583 769 2612 meum
805 2583 945 2612 senem
974 2566 1229 2622 Aurelium,
1261 2563 1585 2610 tribulationem
1611 2581 1706 2611 ves-

376 2645 436 2677 11'11
453 2659 493 2680 m.
516 2660 574 2688 xii,
602 2661 653 2682 12,
670 2647 807 2683 *21111
831 2654 980 2689 111,24.
