1902 3268
607 315 817 348 Emsrom
853 316 1010 348 xcv111.
1415 308 1505 364 243

129 392 446 433 sacramentum
473 382 693 442 sanguinis
729 383 893 429 Christi
920 382 1091 444 sanguis
1131 383 1296 431 Christi
1334 397 1420 443 est,
1442 389 1505 436 ita

128 464 442 502 sacramentum
469 452 570 498 fidei
602 453 708 498 fides
738 464 814 501 est.
848 454 971 499 Nihil
994 465 1055 500 est
1085 465 1228 501 autem
1263 456 1383 502 aliud
1414 475 1504 505 cre-

127 524 252 580 dere,
276 539 410 587 quam
431 522 561 568 fidem
583 522 760 570 habere.
805 528 866 570 Ac
890 542 968 587 per
991 524 1076 570 hoc
1095 542 1195 571 cum
1220 527 1508 590 respondetur

127 593 339 658 parvulus
375 591 549 638 credere
571 629 582 648 ‚
613 593 690 656 qui
730 592 830 638 fidei
867 594 1063 639 nondum
1100 595 1234 641 habet
1262 597 1464 644 affectum
1487 635 1499 655 ,

129 662 415 727 respondetur
435 662 567 708 fidem
595 663 756 709 habere
781 675 964 726 propter
984 665 1083 709 fidei
1104 677 1442 723 sacramentum,
1461 679 1504 715 et

134 744 383 781 convertere
405 750 447 778 se
471 732 526 779 ad
552 734 693 779 Deum
725 745 907 797 propter
932 734 1225 781 conversionis
1261 753 1510 784 sacramen-

132 814 226 850 tum
246 841 257 861 ,
280 804 384 868 quia
407 814 449 849 et
485 805 579 867 ipsa
602 805 824 867 responsio
860 804 914 849 ad
952 805 1287 851 celebrationem
1323 808 1512 871 pertinet

130 874 400 921 sacramenti.
431 874 555 919 Sicut
578 873 632 919 de
652 874 747 937 ipso
769 874 990 938 baptismo
1011 875 1243 938 Apostolus
1262 914 1273 934 ,
1305 898 1326 918 «
1345 881 1510 925 Conse-

129 944 307 1008 »pulti,
346 944 518 1008 inquit,
540 961 688 990 sumus
717 944 901 991 Christo
934 963 1012 1009 per
1034 946 1304 1010 baptismum
1324 948 1370 995 in
1394 966 1513 996 mor-

128 1035 149 1058 »
166 1014 294 1062 tem4.
319 1037 340 1057 n
359 1015 457 1060 Non
476 1015 535 1060 ait
557 1016 826 1079 sepulturam
841 1016 1187 1077 significavimus
1210 1036 1220 1064 ε
1247 1018 1319 1065 sed
1335 1037 1513 1084 prorsus

127 1085 214 1143 ait,
250 1106 270 1127 «
291 1085 548 1149 Consepulti
569 1103 770 1135 sumus.»
808 1087 1142 1134 Sacramentum
1164 1106 1265 1150 ergo
1292 1100 1426 1138 tantae
1451 1090 1514 1138 rei

126 1155 299 1203 nonnisi
321 1155 511 1216 ejusdem
530 1157 591 1202 rei
609 1157 829 1203 vocabulo
855 1159 1146 1221 nuncupavit.

193 1228 248 1273 X.
294 1228 448 1290 Itaque
471 1227 704 1290 parvulum
729 1265 739 1285 ,
766 1228 843 1274 etsi
865 1228 1063 1274 nondum
1087 1228 1196 1276 fides
1218 1229 1291 1276 illa
1312 1268 1324 1288 ,
1343 1248 1444 1297 quae
1462 1232 1510 1279 in

132 1297 401 1345 credentium
441 1297 663 1344 voluntate
696 1299 919 1357 consistit,
956 1303 1050 1359 jam
1077 1311 1220 1346 tamen
1248 1301 1382 1365 ipsius
1408 1303 1511 1349 fidei

133 1379 451 1415 sacramentum
473 1367 647 1414 fidelem
670 1369 790 1416 facit.
822 1371 933 1414 Nam
951 1370 1063 1415 sicut
1086 1370 1260 1417 credere
1283 1373 1515 1437 responde-

129 1450 216 1496 tur,
239 1439 298 1485 ita
327 1439 456 1484 etiam
482 1438 620 1484 fidelis
647 1450 828 1486 vocatur
846 1476 856 1496 ,
892 1458 982 1486 non
1008 1458 1099 1487 rem
1132 1442 1229 1505 ipsa
1258 1455 1403 1489 mente
1430 1462 1512 1490 an-

131 1509 324 1566 nuendo,
352 1508 425 1555 sed
450 1508 585 1573 ipsius
616 1509 676 1557 rei
706 1520 1026 1556 sacramentum
1060 1511 1358 1575 percipiendo.
1396 1515 1510 1560 Cum

133 1592 278 1628 autem
293 1581 429 1627 homo
451 1598 601 1644 sapere
626 1582 829 1646 coeperit,
857 1599 945 1628 non
969 1582 1079 1628 illud
1100 1594 1420 1631 sacramentum
1443 1602 1509 1632 re-

129 1663 273 1716 petet,
305 1651 378 1698 sed
405 1651 615 1711 intelliget
632 1689 642 1709 ,
663 1657 852 1717 ¹ejusque
874 1653 1045 1700 veritati
1065 1670 1256 1700 consona
1278 1655 1406 1702 etiam
1427 1673 1510 1703 vo·-

130 1721 300 1768 luntate
329 1721 624 1786 coaptabitur.
666 1723 763 1769 Hoc
797 1723 996 1787 quandiu
1025 1741 1113 1769 non
1141 1735 1307 1789 potest,
1344 1726 1508 1774 valebit

132 1803 450 1840 sacramentum
478 1791 531 1837 ad
556 1796 646 1852 ejus
669 1793 849 1839 tutelam
874 1793 1080 1840 adversus
1104 1796 1345 1842 contrarias
1363 1808 1509 1861 potes-

130 1875 241 1912 tates
264 1882 275 1911 :
299 1875 342 1910 et
365 1874 534 1910 tantum
561 1864 743 1921 valebit,
772 1876 820 1911 ut
840 1865 873 1910 si
897 1875 994 1910 ante
1014 1865 1192 1912 rationis
1213 1883 1339 1913 usum
1357 1885 1403 1914 ex
1422 1868 1510 1916 hac

131 1937 222 1983 vita
245 1934 540 1995 emigraverit,
571 1951 649 1998 per
669 1936 813 1998 ipsum
837 1946 1153 1982 sacramentum
1175 1938 1510 1986 commendante

133 2006 340 2055 Ecclesiae
370 2005 610 2062 charitate,
660 2007 716 2052 ab
755 2006 830 2052 illa
871 2006 1259 2063 condemnatione,
1299 2026 1399 2072 quae
1430 2004 1517 2074 per*

132 2095 271 2126 unum
295 2076 518 2123 hominem
552 2076 733 2123 intravit
762 2079 807 2123 in
834 2078 1074 2135 mundum,
1107 2078 1354 2126 Christiano
1386 2081 1511 2142 adJ'u-

134 2149 249 2195 torio
280 2147 502 2194 liberetur.
543 2147 640 2192 Hoc
677 2148 754 2210 qui
775 2165 861 2194 non
889 2148 1029 2194 credit
1048 2186 1059 2205 ,
1088 2160 1130 2195 et
1155 2150 1246 2195 fieri
1277 2168 1366 2196 non
1386 2169 1511 2216 posse

135 2219 393 2274 arbitratur,
427 2215 624 2280 profecto
648 2217 834 2264 infidelis
854 2229 915 2264 cst
933 2257 942 2275 ,
968 2219 1044 2265 etsi
1061 2219 1223 2265 habeat
1248 2220 1349 2267 fidei
1372 2239 1510 2269 sacra-

137 2300 332 2341 mentum
360 2306 370 2333 :
413 2287 624 2352 longeque
659 2288 809 2335 melior
828 2301 890 2335 est
913 2289 987 2335 illo
1011 2290 1221 2353 parvulus
1238 2328 1249 2347 ‚
1283 2292 1358 2355 qui
1381 2293 1512 2340 etiam

137 2364 170 2410 si
195 2363 324 2410 fidem
348 2361 545 2408 nondum
580 2362 742 2408 habeat
773 2362 817 2408 in
855 2363 1146 2423 cogitatione,
1174 2381 1261 2409 non
1292 2365 1329 2410 ei
1370 2375 1513 2413 tamen

139 2435 311 2482 obicem
337 2433 569 2479 contrariae
597 2434 871 2493 cogitationis
896 2435 1112 2498 opponit,
1142 2434 1256 2481 unde
1273 2452 1514 2484 sacramen-

140 2517 235 2554 tum
264 2508 355 2566 ejus
385 2503 618 2551 salubriter
644 2505 847 2569 percipit.
889 2503 1114 2570 Respondi
1138 2505 1252 2553 sicut
1283 2507 1478 2555 existimo
1499 2545 1512 2566 ,

139 2575 456 2643 quaestionibus
475 2575 559 2622 tuis
577 2612 588 2634 ,
611 2586 824 2641 quantum
844 2576 996 2624 attinet
1023 2576 1079 2624 ad
1107 2577 1251 2626 minus
1274 2595 1455 2644 capaces
1474 2590 1516 2628 et

188 2660 200 2685 ¹
221 2661 316 2695 Rom.
335 2670 378 2701 vx,
398 2665 432 2697 4.

1314 2715 1384 2761 16.
