1902 3268
624 281 838 313 EmsroLA
873 282 1040 313 cxxvn.
1430 272 1518 329 451

156 347 268 394 enim
287 346 412 393 labor
429 383 440 404 ,
470 346 549 392 ubi
573 346 707 392 multa
730 358 991 411 quaeruntur
1014 356 1055 393 et
1078 347 1336 410 diliguntur,
1363 352 1525 415 quibus

156 417 446 481 adipiscendis
469 427 597 480 atque
614 417 848 463 retinendis
872 416 1072 464 voluntas
1096 435 1183 464 non
1206 419 1306 466 satis
1323 431 1401 477 est,
1425 422 1528 484 quia

155 498 489 551 consequentem
528 504 613 533 non
643 487 777 533 habet
816 487 1079 535 facultatem.
1121 489 1245 536 Justa
1268 507 1370 538 vero
1404 491 1493 537 vita
1513 527 1524 548 ‚

153 575 255 605 curn
273 558 476 604 volumus
497 558 632 615 adest,
659 559 761 623 quia
781 576 875 605 eam
897 560 1036 623 ipsam
1055 559 1182 623 plene
1204 561 1311 608 velle
1326 598 1338 618 ,
1361 563 1531 622 justitia

153 639 238 684 est3
267 646 347 676 nec
366 629 467 693 plus
491 629 657 693 aliquid
684 629 948 693 perficienda
967 631 1136 691 justitia
1154 668 1165 687 ‚
1202 649 1332 696 quam
1358 633 1531 696 perfec-

153 710 244 765 tam
262 699 529 745 voluntatem
553 700 748 764 requirit.
773 700 881 746 Vide
908 700 941 746 si
961 700 1087 746 labor
1108 712 1188 757 est,
1213 702 1288 747 ubi
1309 703 1416 749 velle
1435 703 1536 749 satis

151 781 226 817 est.
253 770 378 816 Unde
397 769 606 816 divinitus
630 770 798 816 dictum
817 781 896 826 est,
923 792 943 812 «
965 772 1053 816 Pax
1078 771 1121 816 in
1145 780 1255 817 terra
1284 771 1538 818 hominibus

152 839 499 887 »voluntatis1.»
524 840 612 886 Ubi
627 857 709 903 pax
726 877 737 896 ,
763 841 826 886 ibi
850 839 1016 903 requies
1034 857 1044 884 :
1063 840 1141 886 ubi
1153 841 1337 904 requies,
1363 841 1536 888 ibifinis

149 910 402 975 appetendi,
426 910 600 957 etnulla
620 926 747 956 causa
768 909 1014 957 laborandi.
1040 909 1124 957 Sed
1148 910 1247 957 haec
1267 910 1464 958 voluntas
1489 921 1538 958 ut

152 980 283 1045 plena
309 981 389 1038 sit,
411 990 648 1045 oportetut
672 998 774 1027 sana
799 982 866 1028 sit.
894 981 988 1027 Erit
1013 992 1158 1028 autem
1187 999 1287 1028 sana
1307 1019 1317 1039 ‚
1340 982 1374 1028 si
1395 982 1533 1028 medi-

150 1068 252 1098 cum
294 1069 383 1097 non
417 1050 631 1112 refugiat,
674 1053 799 1110 cujus
823 1051 955 1097 solius
988 1053 1125 1112 gratia
1162 1053 1303 1098 sanari
1339 1062 1479 1116 potest
1514 1071 1538 1100 a

153 1122 310 1169 morbo
335 1120 645 1168 desideriorum
682 1121 924 1168 noxiorum.
966 1122 1064 1185 Ipse
1098 1132 1160 1167 est
1199 1139 1300 1182 ergo
1335 1122 1532 1169 medicus

146 1192 224 1255 qui
247 1191 407 1238 clamat
425 1228 439 1248 ,
463 1189 651 1238 «Venite
674 1190 728 1236 ad
745 1207 813 1236 me
837 1209 983 1238 omnes
1002 1192 1078 1255 qui
1098 1189 1308 1238 laboratis
1323 1195 1528 1253 ,njugum

150 1278 277 1308 suum
297 1262 391 1309 lene
411 1299 422 1320 ,
449 1273 491 1309 et
517 1279 626 1308 onus
650 1261 744 1308 leve
772 1262 920 1308 dicens
941 1280 951 1308 ε
978 1262 1082 1325 quia
1117 1261 1270 1308 diffusa
1288 1279 1366 1326 per
1386 1264 1529 1326 Spiri-

152 1342 247 1379 tum
284 1344 480 1379 sanetum
519 1332 731 1379 charitate
767 1334 813 1379 in
852 1333 1059 1379 cordibus
1103 1333 1258 1379 nostris
1279 1370 1290 1390 ,
1331 1333 1530 1396 profecto

148 1402 368 1450 amabitur
389 1402 510 1468 quod
530 1402 711 1464 jubetur
729 1438 740 1460 ,
764 1414 803 1449 et
833 1420 920 1449 non
945 1403 1026 1449 erit
1047 1420 1246 1466 asperum
1270 1420 1352 1451 nec
1375 1421 1531 1450 onero-

146 1489 261 1530 sum,
279 1472 313 1519 si
329 1474 411 1519 sub
428 1474 515 1519 hoc
537 1489 624 1519 uno
655 1476 780 1533 jugo,
815 1483 981 1537 quanto
1012 1473 1157 1519 minus
1193 1472 1383 1530 tumida,
1410 1484 1527 1521 tanto

145 1544 281 1604 magis
306 1543 443 1590 libera
476 1543 643 1591 cervice
667 1543 894 1591 serviatur.
938 1545 994 1589 Et
1028 1544 1128 1589 haec
1151 1553 1213 1588 est
1236 1560 1323 1589 una
1343 1546 1528 1602 sarcina,

143 1629 231 1677 qua
241 1616 332 1673 eJus
354 1612 531 1674 bajulus
548 1630 635 1659 non
656 1614 886 1676 premitur,
907 1612 980 1658 sed
1003 1613 1184 1659 levatur.
1219 1613 1395 1660 Divitiae
1410 1614 1444 1659 si
1460 1613 1527 1660 di-

143 1683 357 1744 liguntur,
380 1685 443 1731 ibi
463 1694 702 1740 serventur,
742 1684 821 1730 ubi
849 1684 990 1747 perire
1014 1701 1102 1729 non
1133 1694 1331 1746 possunt.
1373 1685 1525 1732 Honor

142 1752 178 1799 si
203 1753 418 1815 diligitur,
445 1754 534 1800 illie
553 1754 770 1800 habeatur
783 1754 862 1799 ubi
884 1770 1009 1799 nemo
1033 1752 1237 1813 indignus
1261 1753 1517 1804 honoratur.

144 1823 269 1870 Salus
282 1825 317 1870 si
330 1824 554 1885 diligitur,
576 1824 640 1870 ibi
656 1822 1238 1887 adipiscendadesideretur,
1257 1823 1334 1869 ubi
1348 1824 1519 1889 adeptae

140 1893 253 1939 nihil
274 1893 463 1942 timetur.
494 1895 592 1941 Vita
617 1893 650 1939 si
671 1893 886 1954 diligitur,
910 1893 973 1939 ibi
1000 1893 1267 1958 acquiratur,
1301 1894 1377 1940 ubi
1396 1895 1516 1944 nulla

138 1975 278 2011 morte
299 1965 465 2012 finitur.

204 2037 279 2085 VI.
300 2035 488 2083 Reddite
511 2035 644 2096 igitur
665 2034 785 2099 quod
805 2034 981 2082 vovistis
994 2071 1006 2092 ,
1026 2035 1130 2099 quia
1146 2035 1323 2101 vosipsi
1339 2038 1453 2097 estiS,
1471 2049 1513 2086 et

137 2106 177 2154 ei
194 2124 269 2154 vos
286 2106 467 2153 redditis
490 2125 514 2153 a
534 2122 622 2171 quo
644 2106 769 2160 estis;
796 2105 964 2151 reddite
996 2105 1190 2152 obsecrO.
1225 2106 1375 2171 Neque
1394 2110 1510 2156 enim

136 2177 258 2242 quod
279 2173 477 2234 redditis,
498 2176 720 2231 reddendo
739 2176 976 2233 minuetur,
1006 2176 1077 2222 sed
1096 2176 1244 2240 potius
1265 2179 1510 2226 servabitur

137 2258 179 2294 et
203 2247 446 2309 augebitur.
473 2247 692 2307 Benignus
712 2247 827 2292 enim
852 2257 1026 2291 exactor
1038 2256 1116 2303 est,
1140 2263 1227 2292 non
1255 2263 1439 2307 egenus;
1464 2261 1507 2299 et

134 2319 212 2383 qui
234 2335 320 2364 non
343 2328 506 2365 creseat
522 2335 569 2363 ex
594 2317 790 2374 redditis,
817 2317 888 2363 sed
912 2317 956 2362 in
988 2333 1031 2362 se
1048 2333 1235 2363 crescere
1250 2317 1380 2366 faciat
1400 2321 1505 2368 red-

136 2390 310 2437 ditores.
340 2389 455 2436 Huic
480 2406 579 2450 ergo
606 2388 726 2452 quod
752 2405 839 2433 non
865 2386 1089 2447 redditur,
1119 2388 1346 2451 perditur:
1384 2393 1505 2455 quod

136 2470 278 2508 autem
299 2461 513 2517 redditur,
534 2459 733 2506 reddenti
751 2458 928 2505 additur
945 2476 956 2503 ε
973 2458 1060 2504 imo
1082 2475 1182 2504 vero
1196 2460 1240 2506 in
1260 2478 1309 2507 eo
1327 2463 1506 2513 cuired-

134 2532 271 2590 ditur,
291 2532 383 2597 ipse
406 2531 589 2579 reddens
609 2541 816 2580 servatur.
837 2529 1038 2595 Idipsum
1058 2529 1224 2595 quippe
1246 2532 1328 2579 erit
1352 2531 1504 2583 reddi—

181 2616 194 2640 ¹
212 2613 291 2651 Luc.
310 2627 349 2660 u,
375 2622 428 2654 14.

1296 2687 1370 2733 29.
