1902 3268
306 268 397 314 523
716 284 748 312 s.
795 281 1037 312 ArcusriNl
1074 282 1278 313 EPJSCOPJ

304 360 454 413 aperto
479 350 553 405 fit,
588 358 636 394 ut
669 358 862 393 teneatur
898 347 942 393 in
972 358 1132 393 secreto
1169 347 1301 394 animi
1335 348 1544 412 patientia
1581 366 1681 396 eum

305 418 604 466 benevolentia
618 456 628 474 ‚
649 418 691 463 in
712 418 936 463 manifesto
956 428 1097 462 autem
1115 418 1157 463 id
1177 419 1254 463 fiat
1269 456 1279 475 ,
1301 418 1420 482 quod
1439 419 1498 465 eis
1512 419 1684 466 videtur

304 489 504 553 prodesse
520 505 642 552 posse
659 525 669 544 ,
698 488 859 551 quibus
881 489 991 533 bene
1006 488 1112 533 velle
1134 488 1342 534 debemus
1361 527 1371 545 ‚
1396 490 1500 536 hinc
1515 490 1683 553 liquido

305 560 563 615 ostenditur,
585 558 704 622 quod
719 559 809 622 ipse
833 558 1043 604 Dominus
1061 558 1183 603 Jesus
1200 559 1443 621 exemplum
1469 560 1685 620 singulare

305 630 551 695 patienti-ce,
577 646 679 674 cuin
703 639 1006 693 percuteretur
1032 629 1248 674 infaciem
1269 666 1280 686 ‚
1310 630 1534 693 respondit
1557 649 1568 675 :
1593 652 1613 672 t<
1638 632 1684 677 Si

308 723 329 743 »
354 700 464 746 male
496 700 606 756 dixi,
635 700 848 763 exprobra
874 698 927 744 de
949 698 1063 744 malo
1086 716 1096 744 ε
1121 699 1155 744 si
1185 710 1328 745 autem
1352 700 1462 745 hene
1484 701 1591 764 quid
1619 718 1686 746 me

310 795 331 815 υ
356 771 541 818 caedis19
569 794 587 813 >2
609 773 895 835 Nequaquam
909 771 1039 831 igitur
1054 781 1324 834 praeceptum
1341 789 1485 827 suum,
1504 772 1537 818 si
1554 773 1686 818 verba

308 844 574 898 intueamur,
608 842 818 905 implevit.
857 843 1004 905 Neque
1041 842 1153 887 enim
1191 842 1387 904 praebuit
1424 843 1686 906 percutienti

312 914 487 960 alteram
512 923 679 976 partem
695 949 705 968 ,
723 912 795 957 sed
818 913 964 975 potius
989 913 1224 975 prohibuit
1243 949 1253 970 ,
1276 931 1327 958 ne
1349 915 1423 977 qui
1442 913 1686 959 feceratin-

308 985 468 1044 jurium
495 994 666 1043 augeret
695 1001 704 1027 :
735 994 775 1029 et
800 994 943 1029 tamen
978 995 1155 1047 paratus
1190 996 1391 1041 venerat,
1419 1003 1507 1031 non
1546 985 1685 1032 solum

313 1055 356 1100 in
380 1053 532 1100 faciem
551 1054 718 1117 percuti
738 1091 748 1110 ‚
773 1055 1051 1100 verumetiam
1074 1072 1154 1117 pro
1179 1055 1247 1100 his
1272 1072 1448 1120 quoque
1475 1074 1497 1101 a
1524 1057 1688 1119 quibus

312 1126 411 1172 haec
430 1125 678 1188 patiebatur
697 1125 929 1170 crucifixus
954 1125 1097 1170 occidi
1113 1162 1123 1180 ,
1146 1141 1227 1188 pro
1242 1126 1408 1188 quibus
1419 1127 1476 1172 ait
1493 1127 1536 1172 in
1558 1144 1688 1172 cruce

311 1196 533 1260 pendens:
555 1199 737 1250 «Pater,
766 1196 937 1256 ignosce
966 1196 1074 1251 illis,
1118 1196 1220 1259 quia
1253 1197 1453 1243 nesciunt
1476 1197 1584 1261 quid
1620 1198 1689 1243 fa·-

316 1290 335 1308 »
361 1267 527 1313 ciunt2.
551 1288 571 1308 υ
597 1267 687 1312 Nec
714 1267 877 1313 Paulus
899 1267 1121 1331 apostolus
1145 1278 1417 1331 praeceptum
1447 1268 1624 1314 Domini
1648 1278 1690 1314 et

314 1338 505 1399 magistri
528 1339 593 1384 sui
610 1339 781 1385 videtur
801 1339 1024 1402 implesse,
1044 1339 1121 1384 ubi
1139 1339 1267 1384 etiam
1284 1340 1375 1403 ipse
1394 1357 1623 1404 percussus
1644 1341 1689 1386 in

313 1410 466 1457 {helem
484 1447 495 1466 ,
516 1409 622 1455 dixit
643 1409 835 1473 principi
859 1409 1132 1456 sacerdotum
1158 1427 1167 1455 :
1197 1431 1216 1451 α
1242 1412 1454 1456 Percutiet
1480 1421 1518 1456 te
1542 1411 1657 1457 Deus
1674 1449 1685 1469 ‚

315 1504 336 1525 »
361 1482 501 1545 paries
523 1480 722 1527 dealbate
749 1500 758 1527 ε
788 1481 905 1527 sedes
920 1481 1125 1541 judicans
1144 1499 1211 1526 me
1236 1481 1475 1528 secundum
1498 1483 1688 1543 Legem,

315 1574 335 1594 »
361 1563 402 1597 et
421 1562 573 1597 contra
608 1555 763 1611 Legem
789 1552 913 1612 jiibes
945 1569 1012 1597 ine
1044 1552 1269 1614 percuti-‘³2³
1290 1574 1309 1593 »
1341 1553 1396 1597 Et
1427 1569 1525 1597 cum
1555 1571 1578 1597 a
1600 1554 1689 1600 cir·-

314 1623 635 1669 cumstantibus
653 1622 869 1667 diceretur
889 1639 898 1666 :
929 1643 948 1663 «
971 1622 1182 1681 lnjuriam
1201 1623 1306 1668 sacis
1330 1623 1525 1686 principi
1545 1641 1690 1670 sacer-

316 1716 337 1737 »
352 1694 525 1751 dotum,
549 1715 569 1735 »
593 1692 823 1738 irridenter
840 1710 909 1738 eos
929 1692 1160 1739 admonere
1182 1693 1321 1740 voluit
1340 1693 1623 1757 quidelixerit2
1643 1707 1691 1742 ut

312 1766 387 1830 qui
412 1776 612 1830 saperent
630 1764 914 1825 intelligerent
930 1768 1023 1825 jam
1047 1764 1359 1811 destruendum
1383 1782 1469 1811 esse
1500 1766 1691 1814 adventu

316 1836 484 1883 Christiv
503 1836 709 1900 parietem
733 1835 982 1882 dealbatum
1002 1873 1012 1891 ‚
1039 1836 1126 1881 hoe
1147 1846 1206 1881 est
1222 1873 1232 1892 ,
1260 1835 1530 1900 hypocrisim
1554 1854 1691 1884 sacer-

314 1907 420 1954 dotii
445 1908 714 1954 Judaeorum.
759 1907 830 1952 Ait
856 1907 1023 1971 quippe
1051 1924 1060 1951 :
1093 1929 1112 1948 α
1135 1908 1330 1968 Nescivi‚
1367 1907 1547 1965 fratreS,
1586 1913 1691 1974 quia

318 2003 338 2023 »
367 1979 571 2043 princeps
605 1989 695 2024 est:
723 1979 935 2042 scriptum
966 1990 1027 2024 est
1046 1979 1159 2024 enim
1182 1997 1193 2023 ε
1215 1979 1413 2043 Principi
1439 1980 1595 2044 populi
1626 1982 1690 2028 tui

318 2072 338 2094 »
364 2068 450 2096 non
473 2049 732 2095 maledices!⁸
759 2068 769 2095 ε
798 2073 815 2091 >2
841 2067 939 2096 cum
971 2049 1128 2113 procul
1152 2049 1316 2106 dubio,
1356 2051 1433 2114 qui
1464 2051 1508 2097 in
1537 2052 1690 2098 eodem

317 2124 482 2188 populo
512 2135 725 2179 creverat,
763 2135 890 2187 atque
913 2125 975 2170 ibi
1014 2128 1125 2185 Lege
1154 2124 1293 2169 fuerat
1317 2124 1511 2170 eruditus
1528 2161 1538 2181 ,
1565 2124 1707 2170 illum?

315 2195 559 2259 principem
582 2195 853 2241 sacerdotum
886 2196 1047 2241 nescire
1071 2213 1158 2241 non
1178 2206 1346 2260 posset,
1372 2213 1450 2241 nec
1476 2213 1545 2241 eos
1563 2233 1573 2251 ,
1596 2195 1693 2260 qui-

315 2266 475 2313 busita
503 2277 629 2312 notus
652 2278 765 2316 erat,
789 2267 877 2312 ullo
903 2266 1032 2312 modo
1061 2267 1226 2313 falleret
1245 2266 1363 2330 quod
1388 2267 1585 2313 nesciret.

381 2337 497 2383 xlv.
535 2337 645 2382 Sunt
679 2354 778 2397 ergo
812 2338 889 2383 ista
924 2348 1145 2401 praecepta
1180 2337 1402 2401 patientiae
1441 2354 1609 2400 semper
1643 2337 1687 2383 in

312 2409 455 2455 cordis
475 2410 794 2472 praeparatione
818 2409 1040 2455 retinenda
1059 2447 1069 2466 ‚
1093 2410 1272 2473 ipsaque
1288 2408 1585 2455 benevolentia
1600 2447 1610 2466 ‚
1635 2426 1688 2455 ne

311 2479 519 2526 reddatur
552 2480 711 2525 malum
737 2498 817 2544 pro
846 2480 986 2537 malo,
1025 2497 1194 2544 semper
1224 2480 1266 2525 in
1308 2479 1529 2525 voluntate
1562 2496 1687 2525 com-

357 2583 478 2615 ¹Joan.
506 2592 607 2620 xviii,
638 2583 690 2614 23.
719 2600 761 2605 --
790 2580 804 2603 ‘²
831 2585 902 2614 Luc.
932 2594 1040 2628 nin,
1063 2584 1116 2620 34.
1135 2600 1178 2606 --
1205 2580 1218 2605 3
1239 2584 1306 2615 Act.
1330 2584 1534 2621 xx111,3.——
1551 2579 1564 2604 ⁴
1585 2581 1685 2615 Exod.

310 2649 391 2677 nu,
412 2638 466 2671 28.
