1902 3268
722 296 937 333 semrom
970 303 1070 335 cxx.
1492 290 1583 354 407

192 360 315 414 banc
336 376 399 415 est
416 366 606 414 Trinitas
627 382 741 413 unus
763 368 897 424 Deus,
917 367 1038 433 quod
1050 368 1147 415 haec
1166 384 1250 416 una
1263 381 1326 416 est
1342 370 1387 416 in
1409 371 1582 425 tribus;

198 448 285 484 non
312 436 466 486 debuit
490 438 577 485 dici
608 438 737 484 Pater
762 449 804 485 et
825 439 959 485 Filius
981 450 1023 486 ct
1048 440 1236 503 Spiritus
1259 451 1433 487 sanctus
1453 442 1578 488 unius

198 508 454 556 substantiae
471 547 483 567 ,
501 508 576 556 scd
598 509 724 556 unius
743 509 984 556 divinitatis
1003 528 1103 575 quae
1123 528 1210 558 non
1233 522 1296 558 est
1320 512 1578 559 substantia.

203 579 407 639 Agnoscis
436 591 580 627 autem
604 580 650 626 in
673 580 758 627 fide
780 581 999 627 catholica
1020 619 1031 638 ‚
1067 582 1277 646 quoniam
1301 582 1387 628 hoc
1412 593 1475 628 est
1501 597 1582 629 ve-

195 665 326 708 rum,
359 652 448 700 hoc
489 664 551 700 est
584 655 926 711 confirmatum,
962 655 1082 717 quod
1123 656 1253 701 Pater
1284 665 1326 701 et
1365 655 1499 703 Filius
1535 667 1578 702 et

196 723 388 788 Spiritus
416 736 608 775 sanctus.
637 724 736 771 ideo
770 741 870 771 cum
894 725 947 771 sit
967 726 1182 782 Trinitas,
1208 742 1321 771 nnus
1343 736 1405 771 cst
1429 726 1575 780 Deus;

195 794 300 858 quia
321 796 672 861 inseparabiliter
703 806 804 842 sunt
824 796 953 842 unius
984 797 1264 860 ejusdemque
1287 796 1544 842 substantiae
1566 833 1576 848 ,

195 864 262 912 vel
283 865 346 928 (si
375 865 460 913 hoe
480 866 634 912 melius
657 865 850 928 dicitur)
877 866 1083 913 essentiae.
1123 866 1234 913 Nam
1254 865 1461 913 nonnulli
1476 883 1581 913 nos-

194 936 251 983 tri
270 973 282 994 ‚
313 947 355 983 et
382 937 564 983 maxime
584 937 757 993 Graeci,
791 937 1047 983 Trinitatem
1065 954 1167 1002 quae
1187 938 1303 984 Deus
1333 948 1422 994 est,
1449 939 1586 999 magis

172 1007 419 1054 ‘essentiam
438 1010 743 1071 ''acaciumquam
767 1024 898 1054 unam
923 1008 1211 1054 substantiam
1237 1025 1324 1055 esse
1347 1007 1548 1055 dixerunt
1571 1029 1584 1064 3

197 1075 364 1141 aliquid
383 1077 496 1124 inter
522 1077 622 1124 haec
653 1078 741 1124 duo
764 1079 943 1124 nomina
974 1079 1176 1125 interesse
1202 1078 1459 1125 'arbitrantes
1477 1115 1488 1136 ‚
1516 1078 1586 1126 vel

195 1144 480 1208 intelligentes
506 1165 517 1194 t
556 1147 673 1195 unde
701 1165 820 1195 nunc
841 1148 1065 1213 disputare
1095 1165 1184 1195 non
1207 1160 1269 1196 est
1287 1166 1398 1214 opus
1421 1169 1433 1205 ;
1459 1148 1582 1213 quod

196 1220 274 1265 etsi
297 1217 571 1265 divinitatem
596 1218 721 1265 istam
739 1257 749 1274 ‚
777 1236 876 1284 quae
909 1219 1028 1266 aliud
1050 1219 1319 1266 existimatur
1339 1237 1426 1266 esse
1449 1236 1585 1284 quam

193 1285 289 1354 ipsa
311 1288 518 1344 Trinitas,
535 1306 623 1336 nou
639 1289 944 1346 substantiam,
969 1290 1042 1336 sed
1069 1291 1296 1337 essentiam
1317 1290 1551 1337 dixerimus
1566 1326 1581 1349 ‚

195 1359 346 1407 eadem
371 1357 534 1407 falsitas
565 1370 869 1424 consequetur.
903 1361 948 1407 Si
982 1360 1098 1407 enim
1131 1361 1213 1407 alia
1238 1370 1299 1407 est
1327 1377 1461 1425 quam
1488 1360 1585 1425 ipsa

196 1425 414 1489 Trinitas,
450 1427 582 1477 altera
616 1431 696 1478 erit
724 1431 903 1477 essentia
943 1448 953 1476 :
985 1431 1105 1495 quod
1127 1430 1242 1477 absit
1266 1442 1316 1478 ut
1339 1430 1584 1478 catholicus

196 1501 364 1548 sentiat.
408 1503 558 1548 Restat
579 1501 726 1567 itaque
762 1511 810 1547 ut
848 1502 908 1548 ita
943 1501 1173 1548 credamus
1207 1502 1337 1548 unius
1359 1519 1447 1549 esse
1470 1501 1584 1548 sub-

196 1572 366 1618 stantiae
387 1570 650 1619 Trinitatem
671 1610 681 1627 ,
715 1583 764 1618 ut
791 1572 886 1637 ipsa
905 1573 1084 1619 essentia
1108 1589 1198 1620 non
1233 1571 1352 1620 aliud
1371 1573 1426 1619 sit
1449 1588 1584 1637 quam

195 1642 290 1708 ipsa
321 1638 526 1691 Trinitas.
560 1642 626 1690 Ad
654 1661 787 1708 quam
817 1643 1050 1690 videndam
1077 1643 1405 1709 quantumlibet
1428 1643 1474 1690 in
1498 1643 1586 1690 hac

195 1715 285 1779 vita
308 1714 591 1779 proficiamus
606 1751 616 1771 ,
642 1732 720 1779 per
740 1714 968 1778 speculum
985 1715 1068 1762 erit
1090 1714 1195 1762 etin
1215 1714 1444 1776 aenigmate
1462 1713 1585 1779 quod

194 1780 458 1832 videbimus.
500 1786 614 1831 Cum
639 1801 767 1842 vero,
794 1784 915 1848 quod
942 1785 988 1831 in
1013 1785 1330 1832 resurrectione
1353 1783 1584 1849 promitti-

196 1866 286 1912 tur,
302 1856 494 1920 spiritale
509 1869 672 1919 corpus
690 1855 855 1902 habere
873 1858 1156 1920 coeperimus,
1172 1856 1261 1902 sive
1279 1855 1400 1903 illam
1416 1866 1579 1912 mente,

196 1927 284 1973 sive
304 1926 496 1972 mirabili
515 1924 646 1972 modo
663 1963 673 1981 ‚
699 1926 909 1990 quoniam
924 1927 1156 1973 ineffabilis
1179 1937 1240 1974 est
1263 1926 1471 1991 spiritalis
1489 1943 1585 1973 cor-

193 1998 316 2062 poris
339 1997 474 2057 gratia
497 2034 508 2052 ,
535 1997 667 2042 etiam
703 2013 889 2060 corpore
923 1998 1148 2044 videamus
1171 2017 1182 2052 ;
1218 2015 1307 2044 non
1338 2008 1484 2044 tamen
1505 2014 1585 2062 per

195 2069 394 2133 locorum
414 2067 661 2124 intervalla,
683 2085 762 2114 nec
784 2069 830 2114 in
853 2079 978 2132 parte
1003 2069 1216 2115 minorem
1238 2106 1249 2125 ‚
1279 2068 1324 2115 in
1349 2078 1474 2133 parte
1493 2085 1583 2114 ma·

189 2142 329 2202 jorem
350 2176 361 2196 ,
387 2138 594 2202 quoniam
611 2155 700 2184 non
719 2149 781 2184 est
801 2155 964 2203 corpus
983 2177 995 2196 ,
1025 2150 1069 2186 et
1085 2140 1250 2205 ubique
1271 2150 1362 2186 tota
1384 2149 1447 2185 est
1462 2174 1474 2195 ‚
1499 2154 1583 2202 pro

194 2221 343 2256 nostra
371 2209 615 2274 capacitate
632 2209 894 2258 videbimus.

260 2281 428 2328 XVlll.
475 2279 609 2336 Quod
645 2297 747 2326 vero
782 2281 964 2344 posuisti
1005 2282 1049 2327 in
1086 2280 1284 2345 Epistola
1312 2290 1418 2335 tua,
1444 2277 1584 2328 videri

196 2351 280 2400 tibi
297 2389 309 2408 ‚
332 2350 400 2397 vel
422 2351 570 2416 potius
594 2351 714 2415 quod
741 2372 761 2393 κ
783 2352 1028 2398 Videbatur
1056 2352 1166 2406 tibi,
1201 2351 1314 2398 nihil
1335 2351 1484 2398 vivum
1507 2366 1582 2397 ‘se-

197 2422 393 2470 cundum
414 2421 702 2469 substantiam
723 2422 859 2468 inesse
874 2423 1056 2483 justitiae
1070 2460 1081 2478 ‚
1098 2422 1285 2488 ideoque
1302 2432 1346 2468 ‘te
1357 2438 1446 2468 non
1458 2438 1583 2487 posse

199 2494 350 2541 adhuc
366 2493 587 2549 Deum‚id
612 2504 692 2549 est,
715 2494 932 2540 viventem
955 2505 1176 2551 naturam,
1196 2494 1378 2555 justitias·
1400 2492 1583 2540 similem

196 2563 416 2628 cogitare:
441 2564 543 2630 quia
565 2564 737 2625 justitia
756 2601 766 2618 ‚
797 2563 910 2610 sicut
943 2563 1054 2611 dicis
1073 2601 1083 2620 ,
1121 2578 1211 2610 non
1243 2564 1290 2610 in
1323 2578 1397 2620 se,
1422 2561 1502 2610 sed
1534 2562 1582 2608 in

195 2635 324 2684 nobis
346 2634 482 2689 vivit3
517 2634 606 2682 imo
630 2651 711 2682 nos
736 2634 886 2699 potius
922 2635 1164 2682 secuudum
1195 2634 1320 2682 illam
1356 2633 1545 2681 vivimus
1566 2668 1578 2687 ‚
