1902 3268
333 255 420 310 134
750 244 791 302 s}
829 271 1074 319 emensum
1111 271 1317 302 EPISGOPI

331 345 550 398 sumptos.
584 334 699 381 Illud
724 353 824 396 ergo
853 337 989 383 scelus
1013 336 1067 382 ad
1099 335 1343 400 exemplum
1367 335 1590 384 devitandi
1622 339 1708 385 Do-

330 405 475 452 minus
493 409 610 451 Deus
637 407 840 469 praesenti
861 407 1079 470 supplicio
1103 407 1343 463 denotavit,
1368 419 1418 454 ut
1432 425 1533 454 cum
1549 409 1709 457 talibus

332 476 644 541 patientissime
673 477 815 539 parcit
836 514 847 533 ,
874 477 1001 539 quale
1025 477 1180 522 ultimo
1200 477 1373 536 judicio
1397 490 1583 526 reservet
1603 517 1613 536 ‚
1637 497 1710 534 os?

329 546 537 593 tenderet.
570 546 720 609 Neque
738 547 853 592 enim
876 546 1238 611 reprehendimus
1261 549 1449 597 rationes
1469 560 1626 605 vestras
1642 588 1652 606 ‚
1677 551 1711 605 si

330 636 380 664 eo
407 628 601 681 tempore
623 635 711 682 quo
736 636 887 664 vesana
915 620 1108 682 potentia
1128 618 1269 666 furere
1288 621 1544 680 jactabatur
1570 622 1712 684 Opta-

331 701 418 743 tus,
441 705 542 734 eum
562 692 653 749 ejus
673 701 899 735 accusator
924 701 1029 735 esset
1056 689 1186 736 totius
1217 690 1379 737 Afrieae
1401 691 1584 751 gemitus
1611 709 1712 737 eon-

331 759 668 821 gemiscentibus
689 761 831 816 vobis,
861 761 896 806 si
922 772 1064 807 tamen
1087 761 1185 807 talis
1204 778 1246 806 es
1261 799 1271 817 ‚
1292 762 1465 824 qualem
1487 773 1526 808 te
1544 763 1713 826 praedi-

331 841 402 877 cat
426 829 564 885 fama,
601 831 722 894 quod
752 832 833 878 seit
865 833 980 879 Deus
1005 850 1072 878 me
1103 843 1144 878 et
1172 831 1346 879 eredere
1375 844 1416 878 et
1445 833 1554 885 velle
1581 852 1591 879 ε
1629 852 1716 881 non

334 921 433 964 ergo
466 903 829 967 reprehendimus
848 905 883 951 si
900 923 950 951 eo
976 916 1170 968 tempore
1190 942 1198 961 .,
1222 922 1275 950 ne
1300 904 1458 951 multos
1482 923 1628 952 seeum
1649 923 1718 952 ex-

337 975 687 1029 communicatus
707 977 915 1033 traheret,
940 987 980 1023 et
1001 977 1354 1024 communionem
1377 987 1562 1031 Vestram
1583 977 1718 1027 schis-

337 1045 464 1101 matis
488 1044 635 1092 furore
664 1047 948 1110 praecideret,
978 1065 1075 1094 eum
1093 1047 1469 1094 excommunicare
1499 1048 1714 1094 noluistis.

342 1115 427 1162 Sed
448 1116 536 1163 hoe
555 1117 700 1180 ipsum
730 1129 809 1174 est,
839 1119 959 1182 quod
985 1137 1059 1164 vos
1076 1118 1218 1179 arguit
1236 1118 1281 1164 in
1300 1118 1465 1178 judicio
1478 1118 1723 1175 Dei,frater

344 1187 549 1248 Emerite‚
571 1188 691 1251 quod
719 1206 820 1235 eum
846 1190 1047 1242 videretis
1074 1201 1161 1235 tam
1187 1207 1390 1249 magnum
1412 1189 1575 1236 malum
1602 1208 1687 1238 esse
1710 1227 1720 1246 ‚

343 1258 482 1304 dividi
501 1270 670 1322 partem
692 1261 875 1318 Donati,
906 1273 953 1307 ut
975 1262 1166 1325 Optatus
1184 1261 1331 1324 potius
1353 1261 1399 1306 in
1418 1262 1726 1308 communione

346 1330 594 1389 tolerandus
615 1332 929 1381 existimaretur
950 1354 960 1387 ;
985 1350 1117 1396 quam
1144 1332 1253 1378 illud
1277 1331 1606 1389 admitte1‘etur3
1629 1349 1725 1395 per-

347 1400 526 1459 manetis
545 1402 591 1459 in
611 1419 660 1461 eo
679 1402 810 1460 malo,
833 1404 979 1467 quod,
1008 1404 1053 1450 in
1078 1403 1315 1450 dividenda
1348 1402 1542 1458 Ecclesia
1561 1402 1727 1449 Christi

349 1490 371 1516 a
394 1472 540 1517 vestris
563 1474 804 1533 majeribus
827 1485 1126 1538 perpetratum
1147 1485 1222 1521 est.

416 1545 468 1593 V.
501 1546 585 1598 Hic
616 1546 793 1595 fortasse
830 1548 1121 1611 respondendi
1146 1549 1341 1607 angustia
1368 1547 1554 1600 tentabis
1578 1547 1730 1592 defen-

352 1616 452 1663 dere
470 1618 702 1680 Optatum.
729 1618 854 1675 Noli,
882 1619 1029 1675 frater,
1055 1620 1144 1673 noli
1161 1657 1171 1676 ³
1195 1620 1399 1675 obsecro,
1424 1636 1511 1664 non
1528 1628 1565 1664 te
1587 1617 1728 1673 decet,

353 1698 394 1734 et
417 1688 452 1733 si
474 1687 662 1751 aliquem
701 1689 833 1744 alium
869 1689 979 1736 forte
1015 1690 1164 1735 deceat
1182 1727 1191 1738 .
1227 1689 1289 1751 (si
1327 1700 1469 1736 tamen
1492 1688 1732 1751 quidquam

356 1760 481 1807 decet
506 1759 665 1822 malos)
694 1761 932 1815 Emeritum
957 1772 1071 1813 certe
1093 1778 1181 1807 non
1204 1760 1330 1807 decet
1352 1759 1579 1806 defendere
1597 1760 1735 1823 Opta—

356 1843 466 1878 tum.
497 1830 580 1876 Sed
602 1830 780 1877 fortasse
800 1850 877 1878 nee
899 1850 1114 1879 accusare.
1154 1833 1217 1877 ita
1248 1833 1300 1877 sit
1333 1848 1446 1878 sane.
1478 1832 1605 1877 Utere
1634 1847 1738 1876 voee

356 1901 521 1958 media,
539 1912 581 1947 et
597 1901 670 1948 die
693 1920 704 1947 ε
726 1923 746 1944 «
766 1904 1074 1966 Unusquisque
1089 1903 1298 1948 sarcinam
1320 1919 1440 1947 suam
1463 1911 1611 1964 portat
1625 1901 1738 1948 1.Tu

360 1974 488 2038 »quis
502 1991 562 2030 es,
579 1974 835 2037 quijudieas
852 1993 1023 2025 servum
1038 1975 1223 2024 alienum
1235 1976 1250 2003 ‘2
1262 1980 1279 2020 ζ)
1292 1997 1311 2016 »
1324 1974 1540 2034 Siergoad
1551 1975 1739 2020 testimo-

359 2047 482 2092 nium
503 2045 636 2091 totius
660 2046 820 2092 Africae
835 2084 846 2103 ,
873 2047 1065 2094 imovero
1090 2056 1302 2098 terrarum
1321 2046 1517 2092 omnium
1535 2062 1742 2109 quaqua-

361 2133 530 2163 versum
557 2115 757 2163 Gildonis
776 2117 891 2163 fama
915 2117 1133 2172 fervebat,
1161 2117 1290 2163 simul
1311 2117 1424 2167 enim
1449 2127 1491 2169 et
1520 2116 1592 2167 ille
1616 2126 1742 2163 notus

361 2199 480 2244 erat,
508 2203 594 2233 non
622 2187 711 2243 ausi
737 2189 836 2234 estis
855 2205 1048 2252 unquam
1075 2188 1128 2234 de
1148 2189 1316 2252 Optato
1347 2186 1571 2248 judicare,
1596 2204 1649 2233 ne
1678 2197 1745 2237 te-

363 2275 479 2305 mere
503 2257 556 2304 de
581 2257 814 2318 incognitis
831 2259 1111 2319 judicaretis3
1132 2277 1211 2306 nos
1234 2258 1407 2306 tandem
1426 2274 1656 2322 possumus
1669 2266 1746 2303 aut

364 2330 573 2377 debemus
605 2329 659 2375 de
690 2330 861 2394 iis‚qui
883 2342 981 2378 ante
1008 2348 1086 2377 nos
1106 2334 1325 2387 vixerunt,
1349 2331 1403 2376 ad
1423 2340 1612 2381 vestrum
1642 2340 1740 2376 tan-

366 2400 594 2447 tummodo
628 2401 948 2457 testimonium,
985 2403 1250 2450 temerariam
1288 2402 1342 2449 de
1373 2401 1603 2461 incognitis
1636 2400 1747 2447 ferre

364 2472 644 2529 sententiatn3
671 2483 720 2519 ut
738 2490 896 2537 parum
920 2475 974 2521 sit
997 2474 1117 2539 quod
1141 2492 1215 2525 vos
1241 2474 1389 2534 ignota
1418 2472 1742 2525 criminamini,

365 2543 446 2590 nisi
461 2553 502 2589 et
519 2560 597 2589 nos
611 2543 758 2604 ignota
771 2545 1050 2604 judicemus?
1070 2547 1168 2592 Non
1182 2546 1297 2592 enim
1319 2546 1534 2609 Optatam
1550 2580 1559 2599 ‚
1578 2542 1746 2599 etiamsi

414 2626 423 2648 ¹
445 2626 549 2659 Galat.
566 2636 609 2665 vi,
626 2627 659 2660 5.
676 2644 720 2650 -
737 2625 752 2649 2
765 2631 861 2663 Rom.
878 2639 943 2666 xtv,
964 2636 995 2666 4.
