1902 3268
682 324 890 353 crissoni
927 323 1003 354 cu.
1441 316 1533 376 209

162 389 357 448 offertur,
377 407 465 436 non
488 389 680 435 humana
705 389 1065 452 praesumptione,
1086 388 1158 436 sed
1177 392 1436 438 auctoritate
1459 392 1528 439 di-

159 463 260 511 vina
282 499 293 519 ‚
330 459 598 525 temporibus
621 474 812 519 congrua
837 476 959 505 sacra
986 461 1188 523 mysteria
1216 460 1495 508 celebrantur
1513 499 1524 515 ,

158 550 247 581 non
276 533 392 579 Deus
415 542 490 577 aut
513 528 661 589 religio
676 540 986 578 commutatur.

635 692 834 728 QUAEsTlo
870 692 1043 728 QUARTA
1053 713 1061 724 .

155 793 216 836 De
243 809 290 836 eo
323 795 439 849 quod
469 795 682 850 scriplum
703 803 788 841 est,
817 793 862 834 ln
888 809 968 850 qua
996 809 1189 837 mensura
1213 796 1346 839 mensi
1371 797 1530 840 fueritis

642 861 887 903 remetietur
911 861 1041 904 vobis.

222 996 368 1043 XXII.
401 995 492 1041 JAM
516 1012 635 1041 nunc
660 994 816 1041 deinde
838 995 1062 1042 videamus
1080 1034 1090 1053 ,
1114 997 1242 1061 quale
1261 998 1313 1044 sit
1331 999 1451 1062 quod
1481 1000 1534 1046 de

155 1080 355 1112 mensura
383 1067 552 1130 peccati
586 1077 714 1130 atque
742 1066 948 1130 supplicii
976 1068 1240 1131 proposuit'l
1261 1106 1271 1125 ‚
1301 1070 1360 1115 sic
1384 1071 1531 1116 Evan-

157 1135 267 1195 gelio
298 1136 600 1183 calumniatus.
638 1160 653 1176 «
675 1137 868 1183 Minatur
889 1175 898 1192 ‚
923 1137 1094 1202 inquit,
1118 1139 1320 1185 Christus
1339 1140 1420 1185 sibi
1447 1158 1535 1186 non

158 1206 436 1254 credentibus
459 1246 470 1264 ‚
510 1219 670 1254 aeterna
700 1208 919 1272 supplicia
953 1226 963 1253 ε
994 1219 1035 1254 ct
1076 1209 1179 1255 alibi
1221 1211 1305 1268 ait3
1334 1232 1353 1252 a
1379 1213 1425 1257 ln
1450 1229 1536 1275 qua

160 1297 182 1320 >³
210 1295 408 1326 mensura
448 1280 579 1326 mensi
616 1279 808 1337 fueritis,
844 1280 1092 1325 remetietur
1128 1281 1251 1326 vobis
1268 1283 1300 1328 2.
1329 1304 1348 1323 >2
1389 1283 1500 1328 Satis
1523 1320 1533 1339 ‚

159 1348 304 1412 inquit
322 1386 333 1404 ,
368 1350 551 1397 ridicule
588 1361 716 1414 atque
743 1351 972 1397 contrarie.
1005 1351 1115 1396 Nam
1141 1352 1174 1396 si
1201 1351 1253 1397 ad
1293 1369 1538 1399 mensuram

159 1418 411 1466 redditurus
433 1431 495 1467 est
514 1437 690 1485 poenam
710 1458 721 1476 ‚
747 1432 788 1467 et
811 1422 950 1466 omnis
973 1438 1172 1467 mensura
1206 1424 1538 1487 circumscripta

160 1499 222 1535 est
247 1491 332 1538 fine
358 1492 566 1556 temporis
587 1530 599 1549 ,
638 1491 747 1556 quid
785 1493 867 1538 sibi
904 1492 1056 1538 volunt
1088 1493 1219 1539 minae
1242 1493 1401 1540 infiniti
1432 1512 1540 1558 sup-

160 1560 317 1624 PllCll3
340 1586 361 1605 ))

228 1634 398 1681 XXIII.
430 1635 562 1680 Istam
584 1634 869 1697 quaestionem
896 1652 916 1679 a
937 1634 1249 1699 qualicumque
1271 1636 1542 1700 philosopho

164 1719 251 1749 esse
284 1704 501 1764 objectam
539 1715 668 1768 atque
694 1704 1001 1767 propositam,
1029 1704 1205 1750 difficile
1230 1717 1293 1751 est
1329 1706 1538 1751 credere:

163 1775 332 1837 quippe
361 1775 437 1838 qui
473 1775 559 1829 ait,
593 1796 613 1815 «
642 1774 798 1819 Omnis
823 1791 1019 1820 mensura
1044 1775 1405 1821 circumscribiur
1430 1787 1544 1821 tcm-

165 1860 299 1908 pore,
323 1867 342 1886 »
369 1845 493 1908 quasi
529 1861 617 1889 non
653 1843 788 1889 soleat
811 1844 890 1890 nisi
920 1855 1167 1908 temporum
1194 1863 1280 1891 esse
1315 1864 1410 1891 men
1417 1864 1489 1891 sui
1493 1865 1543 1901 ·ι,

166 1915 280 1960 sicut
302 1914 512 1960 horarum
539 1926 581 1960 et
599 1914 768 1960 dierum
797 1925 838 1959 et
862 1932 1073 1961 annorum
1098 1936 1108 1968 ;
1134 1916 1203 1962 vel
1227 1916 1339 1961 sicut
1363 1917 1549 1962 dicimus

166 1983 343 2030 brevem
365 1984 578 2047 syllabam
596 1984 803 2046 simplum
831 1984 994 2030 habere
1011 1986 1237 2048 temporis,
1263 1986 1316 2031 ad
1333 1985 1548 2049 syllabam

168 2053 359 2115 longam.
388 2059 500 2101 Puto
524 2055 638 2101 enim
665 2054 896 2119 modios-ct
917 2056 1127 2110 rabones,
1154 2073 1282 2101 urnas
1299 2067 1341 2101 ct
1368 2056 1551 2119 ampho-

168 2141 254 2178 raS‚
277 2142 365 2170 non
380 2136 626 2189 temporum
652 2142 738 2170 esse
762 2143 997 2172 mensuras.
1024 2126 1259 2182 Quomodo
1287 2144 1386 2187 ergo
1412 2127 1552 2173 omnis

171 2209 369 2240 mensura
401 2195 780 2241 circumscribitur
807 2199 1032 2258 tempore?
1059 2198 1213 2242 Nonne
1250 2197 1332 2259 ipsi
1366 2197 1518 2242 dicunt
1539 2234 1550 2249 ‚

172 2263 304 2309 solem
327 2265 455 2310 istum
475 2267 785 2328 sempiternum
808 2283 894 2311 esse
915 2284 926 2310 z
952 2267 1029 2330 qui
1050 2277 1191 2312 tamen
1214 2278 1405 2330 quantus
1423 2268 1476 2311 sit
1499 2267 1551 2312 ad

172 2342 330 2379 terram
350 2371 360 2389 ‚
394 2336 603 2380 mensuris
633 2336 903 2395 geometricis
939 2336 1202 2398 perscrutari
1229 2336 1390 2382 audent
1421 2347 1462 2382 ct
1493 2355 1555 2382 re-

175 2404 408 2450 nuntiare?
434 2405 568 2464 Quod
609 2410 696 2450 sive
721 2406 883 2468 possint
918 2407 1005 2450 sive
1040 2423 1124 2450 non
1159 2407 1358 2469 possint,
1386 2417 1556 2453 constat

175 2489 273 2518 eum
298 2484 443 2519 tamen
465 2476 688 2538 propriam
716 2475 779 2519 sui
816 2476 935 2520 orbis
962 2476 1123 2522 habere
1150 2493 1410 2524 mensuram.
1437 2478 1553 2535 Quia

175 2553 218 2587 et
245 2543 280 2589 si
297 2544 682 2607 comprehendunt
708 2554 897 2607 quantus
934 2546 985 2591 sit
1010 2582 1022 2602 ‚
1048 2563 1289 2593 mensuram
1315 2551 1405 2606 ejus
1430 2565 1553 2593 com-

225 2645 234 2665 ¹
259 2645 341 2676 Joan
370 2655 419 2680 nt,
443 2645 492 2677 18,
510 2661 553 2667 -—
571 2642 586 2665 Ἰ
604 2642 798 2680 Matth.v1.‚
821 2656 848 2675 2.
