1902 3268
360 296 453 355 400
772 309 808 341 s.
850 309 1096 342 annosum
1131 309 1333 341 Errscom

362 376 631 437 confringere
650 412 661 433 ‚
689 384 820 438 atque
839 392 862 420 a
888 374 974 420 fide
1001 386 1146 422 nostra
1177 374 1368 439 quodam
1403 371 1741 419 modoexcutere

358 448 629 503 festinamus,
655 456 704 492 ut
726 461 779 491 ne
800 444 1026 509 pulverem
1045 446 1225 511 quidem
1252 445 1392 493 ullum
1421 443 1573 491 talium
1589 444 1738 509 phan-

361 528 593 565 tasmatum
611 515 700 562 illic
717 531 937 561 remanere
954 515 1188 579 patiamur.

424 588 547 633 VIII.
585 585 882 644 Quamobrem
913 585 995 632 nisi
1027 587 1239 633 rationem
1281 586 1616 650 disputationis,
1651 602 1739 649 qua

360 657 597 707 forinsecus
636 656 876 709 admoniti,
916 656 1013 721 ipsa
1050 657 1308 704 intrinsecus
1337 656 1516 704 veritate
1540 655 1736 710 lucente,

361 730 462 776 haec
478 728 583 776 falsa
604 745 690 775 esse
710 726 1023 792 perspicimus,
1045 728 1150 774 fides
1168 728 1214 774 in
1233 726 1365 775 corde
1378 738 1525 774 nostro
1547 737 1741 774 anteces-

362 801 504 858 sisset,
533 817 634 865 quae
659 817 737 846 nos
772 798 975 845 indueret
1008 798 1168 863 pietate
1187 836 1198 855 ‚
1232 817 1375 846 nonne
1397 800 1613 845 incassum
1643 814 1742 861 quae

359 890 461 920 vera
482 883 583 920 sunt
604 871 884 918 audiremus?
922 873 986 919 Ac
1009 889 1089 936 per
1114 873 1203 918 hoc
1233 872 1442 936 quoniam
1476 870 1521 917 id
1548 869 1669 934 quod
1689 868 1742 914 ad

358 961 454 991 eam
477 943 728 1008 pertinebat
750 941 858 988 fides
883 943 999 1004 egit,
1026 942 1123 989 ideo
1148 944 1417 1007 subsequens
1440 942 1550 988 ratio
1579 939 1743 1004 aliquid

362 1032 511 1062 eorum
532 1031 631 1078 quae
655 1013 907 1078 inquirebat
927 1014 1106 1062 invenit.
1141 1014 1276 1060 Falsae
1294 1015 1440 1078 itaque
1454 1013 1640 1068 rationi,
1658 1028 1746 1057 non

362 1085 502 1133 solum
536 1085 645 1131 ratio
676 1101 805 1141 vera,
845 1101 933 1148 qua
966 1084 1012 1130 id
1041 1085 1163 1149 quod
1195 1084 1412 1131 credimus
1431 1083 1742 1143 intelligimUS‚

363 1156 647 1203 verumetiam
671 1155 778 1201 fides
803 1155 899 1219 ipsa
924 1172 1070 1202 rerum
1092 1155 1286 1202 nondum
1320 1155 1638 1201 intellectarum
1659 1153 1747 1199 sine

363 1227 502 1274 dubio
523 1225 797 1291 praefereuda
824 1237 901 1274 est.
934 1227 1088 1273 Melius
1114 1237 1177 1273 est
1194 1226 1309 1272 enim
1333 1225 1533 1290 quamvis
1550 1223 1748 1270 nondum

362 1299 529 1357 visum,
553 1297 728 1345 credere
755 1296 878 1362 quod
901 1314 1053 1344 verum
1077 1308 1163 1355 est,
1187 1314 1320 1361 quam
1344 1306 1499 1361 putare
1528 1306 1569 1341 te
1597 1310 1748 1341 verum

363 1368 511 1416 videre
535 1367 656 1433 quod
682 1368 835 1414 falsum
860 1379 935 1416 est.
960 1368 1107 1414 Habet
1120 1385 1307 1432 namque
1322 1367 1429 1414 fides
1451 1365 1599 1413 oculos
1622 1382 1719 1411 suos
1734 1401 1746 1421 ,

363 1440 526 1504 quibus
549 1439 744 1504 quodam
768 1439 899 1485 modo
932 1438 1053 1487 videt
1075 1456 1227 1487 verum
1254 1457 1339 1486 esse
1354 1476 1365 1496 ‚
1407 1437 1527 1503 quod
1553 1436 1750 1484 nondum

363 1510 485 1558 videt
503 1548 515 1568 ,
533 1521 575 1556 et
592 1510 755 1574 quibus
776 1509 1009 1557 certissime
1028 1509 1177 1567 videt,
1198 1510 1395 1556 nondum
1414 1527 1456 1556 se
1475 1509 1618 1555 videre
1631 1506 1751 1571 quod

368 1580 520 1629 credit.
550 1581 689 1627 Porro
719 1591 864 1627 autem
886 1580 965 1645 qui
987 1598 1087 1627 vera
1111 1581 1277 1627 ratione
1295 1584 1387 1641 jam
1409 1579 1527 1643 quod
1554 1589 1750 1625 tantum-

366 1651 500 1698 modo
512 1651 719 1698 credebat
731 1651 952 1711 intelligit,
969 1650 1165 1715 profecto
1178 1651 1503 1716 praeponendus
1515 1650 1625 1696 estei
1642 1687 1653 1703 ‚
1676 1648 1755 1713 qui

367 1723 492 1787 cupit
517 1721 667 1769 adhuc
690 1721 930 1782 intelligere
952 1721 1073 1786 quod
1096 1721 1235 1768 credit
1259 1740 1269 1767 ι
1293 1721 1327 1768 si
1348 1732 1490 1768 autem
1508 1737 1587 1767 nec
1607 1720 1749 1783 cupit,

366 1805 408 1841 et
445 1811 494 1840 ea
512 1831 524 1851 ,
568 1811 672 1859 quae
700 1792 982 1854 intelligenda
1025 1805 1126 1840 sunt
1144 1831 1155 1850 ‚
1195 1793 1412 1840 credenda
1451 1790 1753 1838 tantummodo

367 1865 603 1922 existimat,
628 1865 700 1912 cui
717 1865 778 1911 rei
797 1863 904 1910 fides
931 1864 1071 1928 prosit
1093 1864 1277 1925 ignorat.
1300 1864 1412 1909 Nam
1442 1863 1515 1927 pia
1537 1862 1643 1908 fides
1667 1861 1756 1906 sine

369 1954 446 2001 spe
471 1947 513 1983 et
539 1936 631 1983 sine
650 1936 865 1982 charitate
888 1953 974 1982 esse
1002 1952 1090 1981 non
1109 1935 1217 1982 vult.
1249 1935 1320 1981 Sic
1337 1935 1470 1995 igitur
1490 1934 1624 1980 homo
1643 1931 1755 1979 fide-

368 2007 419 2054 lis
436 2007 568 2054 debet
583 2006 759 2053 credere
775 2005 898 2070 quod
916 2005 1114 2052 nondum
1135 2005 1255 2053 videt
1271 2042 1283 2063 ,
1308 2015 1356 2051 ut
1370 2005 1581 2053 visionem
1601 2013 1643 2050 et
1655 2019 1756 2067 spe-

371 2089 438 2125 ret
455 2089 496 2124 et
516 2089 642 2126 amet.

436 2149 515 2196 IX.
548 2150 606 2195 Et
628 2147 867 2196 visibilium
902 2147 1081 2212 quidem
1107 2164 1253 2194 rerum
1280 2146 1602 2211 praeteritarum
1620 2183 1630 2200 ‚
1658 2161 1758 2209 quae

374 2219 674 2284 temporaliter
704 2218 966 2265 transierunt
984 2256 994 2275 ‚
1030 2218 1117 2264 sala
1147 2217 1254 2264 fides
1287 2218 1374 2264 est4
1395 2256 1406 2275 ‚
1431 2217 1641 2282 quoniam
1670 2233 1759 2262 non

375 2289 524 2337 adhuc
546 2289 736 2337 videnda
759 2300 1008 2353 sperantur,
1039 2289 1113 2335 sed
1138 2289 1252 2335 facta
1275 2300 1316 2335 et
1340 2299 1550 2335 transacta
1575 2287 1757 2334 credun-

375 2361 492 2417 tur2‚
515 2360 628 2407 sicut
657 2371 720 2407 est
741 2359 881 2417 illud,
907 2359 1030 2423 quod
1061 2359 1263 2405 Christus
1288 2358 1419 2405 semel
1455 2376 1537 2423 pro
1570 2358 1760 2422 peccatis

379 2431 537 2478 nostris
568 2442 767 2478 mortuus
801 2441 862 2477 est
891 2442 933 2477 et
961 2431 1237 2488 resurrexit3‚
1267 2448 1346 2477 nec
1372 2434 1465 2491 jam
1490 2430 1693 2485 moritur,
1721 2438 1762 2474 et

377 2518 493 2548 mors
526 2502 564 2548 ei
595 2502 707 2549 ultra
736 2519 824 2548 non
860 2501 1177 2550 dominabitur.
1210 2502 1271 2547 Ea
1303 2518 1400 2548 vero
1429 2517 1528 2564 quae
1564 2499 1762 2546 nondum

381 2583 505 2629 sunt,
532 2572 606 2619 sed
627 2572 778 2620 sutura
804 2583 936 2630 sunt,
964 2573 1077 2619 sicut
1100 2583 1347 2634 nostrorum
1373 2571 1633 2636 spiritalium
1659 2587 1762 2616 cor-

429 2659 440 2680 ¹
461 2669 473 2689 1
496 2659 580 2689 Petr.
595 2667 647 2697 m,
665 2658 717 2689 18.
734 2675 778 2682 —
794 2656 810 2679 2
827 2660 921 2689 Rom.
939 2666 1006 2696 xiv,
1022 2668 1053 2697 9.
1068 2672 1113 2680 ——
1129 2653 1142 2679 3
1160 2659 1253 2688 Rom.
1271 2667 1311 2695 vx,
1328 2667 1360 2696 9.
