1902 3268
370 312 455 358 180
776 326 812 357 s.
857 324 1098 356 Arcrsrmi
1134 325 1337 356 Episcom

358 394 457 440 estis
476 392 672 447 omnino,
703 391 888 454 exeeptis
913 390 1121 436 duntaxat
1157 390 1263 448 illis,
1289 391 1557 456 quicumque
1594 390 1637 437 in
1656 406 1739 437 vo-

360 466 430 512 bis
470 475 587 520 sunt2
622 463 799 529 scientes
839 461 946 526 quid
980 479 1131 508 verum
1158 462 1236 519 sit,
1260 474 1300 508 et
1340 481 1421 527 pro
1470 463 1740 509 animositate

362 553 452 582 suas
476 533 785 598 perversitatis,
810 543 959 578 eontra
975 533 1196 577 veritatem
1218 533 1344 578 etiam
1362 535 1443 579 sibi
1474 534 1740 579 notissimam

363 605 635 652 dimicantes.
675 605 843 649 Ilorum
871 603 1270 666 quippeimpietas,
1294 604 1421 650 etiam
1450 604 1740 649 idololatriam

363 676 546 724 forsitan
584 685 775 738 superat.
816 673 899 718 Sed
936 674 1037 737 quia
1066 691 1152 718 non
1182 672 1308 719 facile
1331 675 1530 720 convinci
1562 684 1743 738 possunt

365 748 438 811 (in
477 746 623 793 anit'uo
649 761 835 808 namque
856 744 959 789 latet
988 745 1073 790 hoc
1098 744 1288 807 malum)
1322 763 1468 790 omnes
1493 757 1699 809 tanquam
1720 763 1743 790 a

365 818 495 864 nobis
512 817 655 862 minus
679 816 824 870 alieni,
849 814 998 861 leuiori
1025 816 1247 861 severitate
1272 816 1549 863 coercemini.
1585 817 1640 862 Et
1658 815 1744 862 hoc

361 888 559 953 quidem,
589 886 655 932 vel
680 886 733 932 de
748 886 952 932 omnibus
974 887 1208 941 haeroticisff
1229 887 1305 949 qui
1332 887 1579 932 christianis
1596 904 1745 932 saera-

364 959 520 1006 mentis
543 958 823 1013 imbuuntur‚
840 968 880 1003 et
913 976 934 1004 a
972 958 1137 1004 Christi
1163 959 1342 1004 veritate
1361 959 1447 1004 sive
1473 958 1638 1004 unitate
1653 957 1747 1004 dis-

363 1031 573 1082 sentiunt3
604 1029 668 1074 vel
696 1029 933 1074 Donatistis
954 1030 1158 1075 omnibus
1181 1029 1376 1077 dixerim.

429 1102 508 1147 XI.
542 1098 673 1157 Quod
707 1109 850 1144 autem
876 1098 930 1144 ad
956 1116 1027 1144 vos
1053 1101 1231 1154 attinet,
1259 1099 1337 1162 qui
1365 1117 1452 1145 non
1478 1099 1614 1145 solum
1646 1116 1746 1145 cum

366 1172 451 1218 illis
474 1173 770 1216 communiter
793 1170 1035 1215 Donatistae
1057 1188 1078 1214 a
1107 1171 1279 1215 Donato
1297 1206 1306 1219 ,
1335 1171 1612 1216 verumetiam
1639 1188 1748 1233 pro-

365 1244 461 1308 prie
492 1241 730 1302 Rogatistae
765 1258 787 1286 a
818 1242 987 1300 Rogato
1022 1241 1329 1304 appellamini,
1360 1241 1549 1286 mitiores
1572 1241 1748 1304 quidem

364 1332 451 1361 esse
475 1312 683 1360 videmini
703 1349 714 1368 ‚
742 1311 845 1375 quia
868 1328 968 1357 cum
990 1310 1410 1357 circumcellionum
1431 1311 1750 1357 immanissimis

367 1385 569 1448 gregibus
592 1401 681 1430 non
705 1383 864 1429 saevitis
886 1400 897 1428 :
928 1382 1000 1429 sed
1028 1382 1146 1428 nulla
1167 1382 1304 1428 bestia
1320 1419 1330 1437 ‚
1356 1382 1389 1428 si
1416 1383 1628 1428 neminem
1651 1381 1751 1429 vul-

367 1468 488 1504 neret
508 1493 519 1511 ‚
542 1466 774 1519 propterea
795 1464 1018 1499 mansueta
1040 1453 1218 1508 dicitur,
1234 1453 1337 1516 quia
1358 1453 1506 1499 dentes
1525 1465 1566 1499 et
1591 1470 1753 1513 ungues

367 1545 458 1574 non
480 1526 629 1572 habet.
658 1524 820 1570 Saevire
839 1541 914 1570 vos
936 1523 1050 1568 nolle
1080 1523 1252 1579 dicitis3
1278 1540 1356 1582 ego
1376 1541 1462 1568 non
1488 1541 1611 1587 posse
1630 1524 1754 1569 arbi-

369 1610 477 1646 tror.
510 1600 576 1643 Ita
596 1596 710 1642 enim
734 1595 831 1641 estis
853 1612 1035 1640 numero
1053 1595 1211 1654 exigui,
1242 1605 1289 1639 ut
1316 1612 1485 1640 movere
1506 1612 1580 1640 vos
1603 1606 1754 1640 contra

370 1667 636 1716 adversarias
651 1665 774 1711 vobis
793 1664 1094 1710 multitudines
1118 1682 1204 1709 nou
1223 1663 1430 1720 audeatis,
1449 1665 1524 1710 etsi
1549 1665 1749 1728 cupiatis,

371 1739 458 1786 Sed
483 1753 700 1803 ponamus
723 1753 798 1782 vos
828 1736 955 1781 etiam
988 1735 1102 1780 nolle
1123 1773 1132 1788 ,
1157 1735 1278 1798 quod
1307 1752 1393 1781 non
1416 1735 1586 1792 valetis3
1611 1753 1755 1799 pona-

367 1828 466 1857 mus
487 1827 562 1857 vos
582 1807 875 1867 evangelicam
904 1808 1160 1853 sententiam
1185 1844 1197 1864 9
1228 1824 1315 1870 qua
1336 1807 1549 1870 scriptum
1567 1818 1657 1864 est,
1677 1829 1696 1849 <‹
1711 1807 1755 1852 Si

371 1905 393 1925 »
412 1882 510 1946 quis
528 1879 609 1925 tibi
628 1879 812 1925 voluerit
839 1878 1031 1924 tunicam
1049 1877 1213 1933 tollere,
1244 1889 1284 1923 et
1300 1877 1468 1937 judicio
1491 1888 1631 1923 tecum
1654 1895 1757 1923 con-

373 1952 586 1999 »tendere
609 1970 620 2003 ;
648 1948 819 1994 dimitte
842 1947 904 1993 illi
939 1959 979 1993 et
1002 1948 1186 2011 pallium
1203 1948 1219 1977 1
1248 1986 1258 2004 ‚
1286 1971 1304 1989 n
1329 1949 1388 1993 sie
1414 1948 1651 2008 intelligere
1667 1984 1677 2004 ‚
1697 1949 1756 1994 sie

374 2037 517 2072 tenere
533 2060 544 2073 ,
573 2031 622 2066 ut
645 2019 1007 2084 persequentibus
1031 2036 1107 2064 vos
1132 2037 1218 2064 non
1243 2019 1381 2065 solum
1414 2018 1533 2064 nulla
1564 2019 1720 2079 injuria
1743 2057 1753 2067 .

376 2092 657 2143 verumetiam
680 2088 800 2134 nullo
829 2092 928 2147 jure
953 2089 1237 2135 resistendum
1264 2091 1423 2152 putetis
1458 2107 1467 2134 ;
1500 2090 1622 2135 hune,
1645 2101 1759 2136 certe

378 2165 651 2214 intellectum
677 2161 877 2219 Rogatus
905 2171 1059 2205 auctor
1080 2171 1241 2214 vester,
1266 2171 1341 2206 aut
1366 2178 1449 2205 non
1480 2161 1660 2215 habuit.
1686 2172 1759 2206 aut

380 2255 468 2284 non
487 2231 708 2296 implevit3
731 2230 808 2294 qui
837 2229 890 2275 de
909 2231 1050 2276 nescio
1069 2232 1230 2294 quibus
1254 2232 1383 2276 rebus
1400 2269 1409 2281 ,
1440 2242 1485 2276 ut
1504 2231 1647 2277 dicitis
1663 2249 1759 2277 ves-

380 2309 458 2355 tris
477 2345 487 2363 ‚
512 2303 719 2351 acerrima
743 2301 1080 2365 perseverantia,
1109 2303 1237 2348 etiam
1266 2301 1423 2348 forensi
1448 2301 1761 2366 disceptatione

379 2376 587 2425 conflixit
624 2372 708 2418 Cui
735 2372 770 2417 si
803 2371 1042 2427 diceretur,
1073 2372 1182 2428 Quis
1217 2389 1412 2435 unquam
1449 2371 1759 2435 apostolorum

379 2451 424 2496 in
451 2463 579 2493 causa
605 2443 704 2488 fidei
723 2480 733 2497 ‚
757 2459 822 2488 res
847 2459 943 2488 suas
960 2442 1133 2502 judicio
1166 2443 1351 2506 publico
1387 2440 1613 2488 defendit?
1649 2442 1762 2488 sicut

379 2519 484 2566 tuin
509 2512 700 2579 Epistola
732 2523 802 2557 tua
825 2512 1040 2575 posuisti,
1068 2513 1214 2570 «Quis
1239 2529 1429 2576 unquam
1453 2511 1761 2575 Apostolorum

375 2593 420 2637 in
459 2603 587 2633 causa
614 2583 712 2628 fidei
750 2599 813 2627 res
841 2582 999 2628 alienas
1031 2583 1222 2629 invasit?
1243 2604 1261 2624 ι)
1289 2581 1462 2628 nullum
1498 2582 1675 2645 quidem
1711 2582 1761 2627 in

458 2669 576 2701 Manli.
599 2678 626 2703 v,
648 2674 697 2703 40.
