1902 3268
647 280 860 312 EPISTULA
895 281 1014 312 xc1V.
1439 283 1523 315 221

155 348 417 409 Angelorum
441 357 641 394 creatura
665 356 708 391 et
729 345 857 391 statio
878 346 1136 391 mortalibus
1160 346 1314 392 incolis
1336 358 1378 392 et
1398 358 1531 394 terre-

153 418 220 466 nis
235 417 408 465 sedibus
429 427 608 482 praestat
629 435 641 463 z
666 427 853 463 attamen
874 416 1052 463 forsitan
1076 417 1247 477 linguas
1270 417 1533 477 Angelorum

154 506 235 553 pro
253 489 481 549 generibus
501 505 657 534 vocum
681 499 809 552 atque
825 505 1070 534 sermonum
1093 487 1271 543 dixerit,
1292 488 1401 534 sicut
1422 488 1534 534 etde

155 559 471 606 charismatum
491 559 697 605 varietate
714 559 920 605 disserens
934 559 1045 604 inter
1064 559 1177 605 dona
1199 558 1431 619 gratiarum
1454 576 1537 605 nu-

156 640 292 676 merat
316 647 467 691 genera
495 630 743 690 linguarum
762 667 773 685 ‚
801 630 953 693 utique
973 630 1057 675 hoc
1080 630 1123 675 in
1151 630 1272 690 signo
1294 648 1380 676 esse
1399 631 1536 690 signi-

156 701 313 756 ficans,
347 700 466 764 quod
492 700 727 746 multarum
762 700 954 760 gentium
985 716 1180 744 sermone
1211 699 1330 764 loqui
1359 700 1536 759 singulis

155 769 409 820 donaretur.
455 771 539 817 Sed
568 782 610 817 et
635 788 713 817 vox
750 771 829 816 Dei
863 786 977 833 saepe
1007 769 1061 815 ad
1094 769 1278 814 Sanctos
1308 770 1456 815 emissa
1483 770 1537 815 de

154 841 275 887 nube
290 878 301 898 ‚
322 841 510 888 ostendit
533 859 656 905 posse
676 840 891 904 loquelam
914 856 1000 885 esse
1020 838 1285 900 sinelingua.
1311 839 1537 903 Siquidem

156 911 305 972 lingua
326 914 523 977 corporis
547 912 792 958 membrum
821 912 874 956 sit
899 911 1107 975 pusillum
1132 922 1174 956 et
1198 928 1419 971 magnum.
1450 910 1537 957 Sed

155 982 265 1030 forte
287 1001 334 1030 ex
357 984 444 1030 hoc
477 984 574 1047 ipso
592 1020 603 1039 ‚
629 983 732 1046 quia
758 982 803 1028 in
839 982 926 1028 hoc
964 982 1161 1028 membro
1193 982 1311 1027 vocis
1345 981 1537 1028 officium

157 1054 273 1100 Deus
296 1055 471 1119 posuit,
495 1055 623 1100 etiam
649 1054 920 1117 incorporeae
938 1053 1197 1113 Angelorum
1220 1063 1429 1098 creaturae
1447 1070 1538 1098 ser-

155 1141 304 1171 mones
332 1136 374 1171 et
401 1142 530 1172 voces
556 1124 749 1184 linguam
772 1125 1019 1180 vocaverit,
1043 1124 1155 1170 sicut
1178 1123 1407 1186 Scriptura
1432 1123 1539 1169 solet

158 1196 250 1240 Deo
268 1212 444 1259 quoque
465 1195 705 1240 secundum
727 1195 890 1258 species
915 1194 1216 1257 operati0num
1238 1231 1248 1249 ‚
1268 1194 1444 1239 nomina
1470 1212 1540 1240 as-

157 1264 325 1326 signare
343 1266 657 1312 membrorum.
680 1266 769 1311 Ora
784 1281 866 1328 pro
892 1265 1018 1310 nobis
1037 1302 1047 1321 ‚
1074 1276 1116 1311 et
1143 1264 1251 1310 doce
1271 1282 1361 1311 nos.
1389 1287 1408 1306 >³

223 1336 346 1383 thl.
366 1357 386 1377 «
406 1337 550 1382 Frater
564 1347 708 1381 noster
731 1335 1010 1381 charissimus
1033 1346 1074 1382 et
1094 1336 1367 1382 dulcissimus
1391 1336 1537 1393 Quin-

158 1416 253 1462 tus,
275 1422 407 1470 quam
433 1406 555 1452 tarde
573 1406 627 1452 ad
650 1422 727 1452 nos
752 1416 911 1451 remeat
930 1424 952 1451 a
971 1406 1120 1463 vobis,
1143 1417 1231 1452 tam
1251 1406 1339 1451 cito
1365 1423 1387 1451 a
1413 1406 1540 1452 nobis

160 1475 215 1522 ad
235 1492 311 1522 vos
329 1475 469 1522 redire
493 1476 667 1523 festinat
691 1493 701 1521 :
727 1476 975 1521 instantiam
1001 1494 1104 1523 vero
1122 1480 1214 1536 ejus
1230 1477 1274 1521 in
1297 1475 1449 1521 litteris
1461 1478 1542 1521 exi-

159 1545 309 1606 gentlis
326 1557 368 1592 et
394 1547 491 1593 haec
513 1546 707 1611 Epistola
726 1546 868 1592 lituris
889 1564 1022 1610 quam
1047 1548 1244 1593 versibus
1267 1547 1460 1592 crebrior
1481 1546 1540 1591 lo-

158 1617 310 1680 quitur
333 1654 344 1673 ‚
385 1617 716 1663 commemorati
761 1618 971 1663 exactoris
1005 1618 1186 1664 nimiam
1224 1617 1540 1663 festinationem

159 1685 321 1732 scheda
350 1686 498 1734 fecit1.
542 1688 651 1733 Nam
690 1687 832 1750 pridie
868 1687 973 1733 Idus
1001 1689 1135 1734 Maias
1167 1690 1285 1733 venit
1315 1686 1367 1732 ad
1394 1704 1470 1732 nos
1495 1698 1542 1733 ut

160 1756 370 1820 rescripta
399 1768 590 1820 peteret,
614 1768 656 1803 et
676 1758 829 1803 Idibus
848 1769 947 1803 ante
968 1769 1123 1804 sextam
1149 1758 1309 1804 dimitti
1329 1758 1534 1804 obtinuit.

161 1825 314 1872 Videte
329 1843 429 1887 ergo
445 1838 594 1873 utrum
616 1844 713 1873 eum
732 1828 1145 1884 commendaverim,
1169 1828 1234 1874 vel
1249 1829 1540 1873 accusaverim

161 1896 417 1956 hujusmodi
440 1899 703 1946 testimonio.
740 1900 866 1944 Forte
891 1900 1004 1945 enim
1022 1937 1033 1955 ‚
1062 1901 1150 1945 imo
1168 1900 1257 1945 sine
1281 1898 1418 1944 dubio
1441 1899 1542 1944 lau-

163 1965 325 2013 dabilis
342 1969 477 2028 magis
495 1985 628 2032 quam
654 1969 890 2032 culpabilis
909 1969 1200 2028 judicabitur,
1219 1969 1296 2032 qui
1314 1987 1336 2014 a
1357 1970 1544 2015 tenebris

163 2038 283 2101 quod
318 2038 363 2084 in
395 2040 722 2103 comparatione
744 2041 873 2086 vestri
905 2041 1082 2087 luminis
1113 2057 1287 2097 sumus,
1309 2040 1544 2098 Justissime

158 2107 425 2156 >refestinavit
448 2110 500 2156 ad
516 2110 658 2156 lucem
685 2127 823 2158 suam.
846 2134 867 2153 »

215 2201 226 2222 ¹
243 2202 337 2232 Forte
354 2201 451 2235 nimia
465 2202 623 2235 festinatio
640 2203 788 2236 schedam
808 2203 894 2238 fecit.
