1902 3268
302 276 394 321 520
725 289 759 319 s.
803 286 1044 318 Arcusrlxi
1083 286 1282 317 Episcopi

302 368 390 413 tur,
419 356 469 402 ad
494 366 532 401 te
552 354 698 419 potius
720 370 797 417 pro
823 353 988 398 viribus
1011 353 1164 397 nostris
1186 363 1449 416 pertractata
1477 364 1517 399 et
1538 353 1676 401 soluta

302 429 414 474 mitti
431 428 677 474 debuerunt
703 442 711 469 :
740 441 823 469 uon
839 424 897 468 sic
919 422 1291 486 quemadmodum
1314 423 1367 470 de
1381 424 1448 470 his
1463 425 1677 486 agendum

299 511 357 545 est
376 499 590 546 librorum
609 495 779 555 negotio
796 531 807 550 ,
832 493 905 540 sed
921 491 1290 555 quemadmodum
1310 505 1450 558 potest
1461 496 1680 558 epistolari

299 582 363 617 sat
387 587 471 616 esse
497 566 736 630 colloquio,
769 564 861 610 utsi
885 563 1113 609 tibivisum
1127 563 1273 620 fuerit,
1290 566 1366 628 qui
1380 583 1527 612 eorum
1539 577 1681 613 motus

298 640 563 706 quotidianis
590 635 962 701 disputationibus
980 634 1199 698 experiris,
1226 645 1267 681 et
1286 635 1370 681 illis
1391 636 1590 696 legantur
1608 637 1681 683 hae

295 712 464 759 litterae.
497 712 552 757 At
573 710 606 755 si
637 707 844 755 auriculis
860 723 1010 752 eorum
1028 706 1170 751 minus
1188 707 1347 770 pietate
1365 707 1465 754 fidei
1486 709 1681 772 praecul·

297 784 368 838 tis,
397 799 536 828 sermo
562 781 640 827 iste
659 796 744 824 non
770 777 945 832 sufficit,
971 776 1218 840 priusinter
1240 795 1314 824 nos
1335 778 1455 841 quod
1479 780 1537 825 eis
1555 790 1683 843 putas

294 854 487 900 sufficere
509 861 760 915 peragatur,
799 860 890 894 tum
918 847 1097 893 demum
1123 847 1175 893 ad
1200 848 1294 894 illos
1317 849 1435 913 quod
1456 861 1682 913 peractum

300 926 429 971 fuerit
458 923 716 987 perferatur.
762 920 899 966 Multa
921 920 1034 964 enim
1059 930 1175 974 sunt,
1208 938 1230 966 a
1253 921 1417 984 quibus
1440 939 1586 968 sensus
1609 940 1687 968 eo-

295 1013 391 1042 rum
412 995 446 1040 si
470 994 617 1039 adhuc
640 992 849 1037 abhorret
869 1002 910 1036 et
930 990 1087 1043 resilit,
1134 991 1198 1036 vel
1234 992 1433 1038 uberiore
1456 992 1521 1039 vel
1541 993 1688 1039 subti-

298 1068 403 1113 liore
425 1066 608 1119 ratione,
632 1062 698 1108 vel
719 1072 833 1107 certe
858 1061 1135 1117 auctoritate,
1159 1063 1231 1107 cui
1247 1063 1439 1109 resistere
1454 1063 1684 1124 indignum

302 1147 478 1202 putent,
513 1133 761 1198 persuaderi
780 1131 1019 1195 aliquando
1043 1131 1221 1176 forsitan
1238 1133 1418 1195 possint.

370 1207 429 1253 11.
451 1207 564 1265 Ergo
579 1205 624 1250 iu
640 1201 819 1266 epistola
832 1212 902 1247 tua
919 1201 1121 1264 posuisti,
1134 1203 1298 1247 moveri
1315 1202 1548 1266 quosdam:
1565 1224 1584 1244 α
1600 1207 1693 1249 Cur

306 1278 381 1324 hic
416 1278 556 1331 Deus,
581 1274 658 1338 qui
694 1284 734 1318 et
756 1272 918 1317 Veteris
937 1271 1202 1317 Testamenti
1226 1272 1342 1317 Deus
1366 1289 1453 1318 esse
1471 1273 1690 1327 firmatur,

308 1348 461 1412 spretis
494 1345 713 1392 veteribus
749 1343 988 1399 sacrificiis,
1013 1342 1256 1388 delectatus
1288 1343 1342 1388 sit
1383 1344 1521 1390 novis.
1573 1343 1696 1391 Nihil

309 1419 424 1464 enim
452 1417 610 1476 corrigi
630 1432 753 1479 posse
775 1425 985 1468 asserunt,
1011 1413 1091 1459 nisi
1108 1413 1228 1477 quod
1252 1424 1347 1460 ante
1369 1431 1455 1460 non
1473 1425 1588 1460 recte
1607 1414 1694 1460 fac-

311 1501 401 1534 tum
427 1488 716 1552 probaretur3
745 1485 811 1531 vel
833 1484 952 1549 quod
977 1484 1108 1530 semel
1124 1494 1238 1530 recte
1262 1484 1425 1530 factum
1456 1486 1527 1541 sit,
1548 1485 1696 1531 nulla-

314 1572 436 1606 tenus·
457 1557 679 1604 immutari
699 1556 912 1602 debuisse.
938 1557 1072 1601 Recte
1093 1555 1206 1600 enim
1226 1554 1343 1601 facta
1361 1555 1516 1601 dicunt
1538 1556 1696 1602 mutari

312 1630 392 1676 nisi
415 1631 573 1689 injuste
590 1644 677 1673 non
707 1644 846 1690 posse.
880 1648 898 1668 »
916 1627 1024 1672 Haec
1050 1626 1181 1672 verba
1205 1642 1253 1671 ex
1271 1625 1423 1671 litteris
1446 1626 1530 1672 tuis
1550 1626 1594 1672 in
1619 1627 1699 1672 has

313 1718 429 1747 meas
453 1698 667 1745 transtuli.
695 1697 869 1755 Quibus
895 1697 927 1743 si
948 1696 1189 1760 repondere
1212 1696 1387 1760 copiose
1412 1697 1560 1754 velim,
1585 1708 1699 1744 tem-

316 1789 399 1837 pus
431 1788 496 1817 me
526 1770 654 1816 eitius
676 1786 809 1833 quam
846 1768 1039 1832 exempla
1065 1766 1322 1824 defecerint,
1354 1768 1516 1832 quibus
1554 1786 1699 1815 rerum

317 1845 411 1908 ipsa
430 1853 585 1888 natura
599 1851 641 1887 et
659 1858 789 1904 opera
802 1841 1012 1895 humana,
1027 1849 1142 1885 certa
1156 1838 1339 1895 ratione,
1354 1856 1435 1902 pro
1455 1849 1701 1901 temporum

317 1913 648 1978 opportunitate
671 1922 916 1968 mutentur,
940 1928 1020 1957 nec
1050 1921 1193 1955 tamen
1217 1908 1366 1955 eadem
1394 1910 1505 1956 ratio
1530 1911 1585 1956 sit
1607 1927 1702 1957 mu-

318 1985 465 2031 tabilis
486 1983 667 2047 quaista
684 1993 928 2028 mutantur.
958 1980 1085 2027 Unde
1104 1996 1246 2044 pauca
1274 1997 1628 2037 commemorem,
1654 1992 1703 2028 ut

322 2073 369 2101 ex
387 2055 457 2100 his
490 2053 672 2099 excitata
685 2052 877 2116 quodam
904 2051 1035 2098 modo
1054 2054 1146 2111 jam
1174 2068 1251 2114 per
1270 2051 1398 2114 plura
1418 2051 1571 2097 similia
1599 2052 1704 2112 vigil

322 2136 471 2172 currat
495 2125 692 2170 intentio.
718 2125 873 2169 Nonne
899 2122 1048 2187 hyemi
1064 2132 1187 2169 aestas
1215 2121 1365 2167 addito
1385 2123 1539 2168 sensim
1564 2123 1705 2169 calore

322 2196 546 2243 succedit?
574 2196 727 2241 Nonne
766 2194 933 2240 diurnis
966 2205 1161 2256 tempora
1199 2203 1414 2239 nocturna
1443 2199 1704 2241 vertuntur?

322 2267 502 2325 Quoties
535 2276 694 2312 nostrae
728 2265 953 2312 variantur
988 2266 1170 2310 aetates?
1196 2263 1496 2310 adolescentiae
1518 2265 1706 2329 pueritia

322 2355 407 2383 non
437 2336 626 2382 reditura
657 2336 792 2392 cedit3
821 2339 1028 2396 juventus
1053 2334 1354 2381 adolescentiae
1391 2352 1478 2380 non
1507 2352 1707 2382 mansura

319 2407 513 2454 succedit
530 2427 540 2460 ;
569 2407 1008 2467 liniensjuventutem
1026 2416 1222 2452 senectus
1240 2415 1378 2451 morte
1396 2405 1564 2453 finitur.
1597 2406 1706 2452 Haec

321 2479 469 2525 omnia
491 2489 732 2533 mutantur,
762 2495 840 2524 nec
871 2488 1068 2524 mutatur
1091 2477 1252 2523 divinae
1266 2476 1556 2540 providentiae
1575 2478 1704 2533 ratio,

325 2566 409 2613 qua
433 2549 481 2593 fit
507 2558 553 2592 ut
581 2548 658 2593 ista
688 2558 924 2594 mutentur.
968 2549 1067 2593 Non
1102 2557 1243 2592 autem
1269 2546 1427 2610 opinor
1451 2563 1550 2592 cum
1591 2548 1709 2606 agri-

324 2619 419 2666 cola
444 2629 592 2665 {estate
614 2617 729 2665 aliud
747 2618 938 2677 jusserit,
960 2635 1091 2682 quam
1109 2621 1293 2678 J'usserat
1309 2617 1483 2681 hyeme,
1499 2617 1607 2664 ratio
1621 2634 1712 2665 mu·
