1902 3268
601 277 811 309 Erisrom
850 277 978 310 xcm.
1405 263 1491 326 189

115 366 139 390 ι)
160 361 291 403 num,
323 354 363 391 et
395 343 439 391 in
459 342 669 390 saeculum
693 343 841 390 saeculi
861 362 872 389 ε
900 345 956 390 Et
976 342 1218 408 replebitur
1242 342 1378 403 gloria
1400 348 1493 402 ejus

115 438 137 461 υ
157 415 296 463 omnis
315 426 425 463 terra
441 452 452 472 ‚
474 415 572 471 siat,
599 413 718 462 fiat1.
743 436 762 456 ›>
786 415 841 461 Et
859 425 906 461 tu
924 415 1041 462 sedes
1064 413 1289 463 Cartennis
1306 450 1317 470 ‚
1335 423 1490 460 etcum

115 487 264 534 decem
304 486 567 548 RogatistiS‚
608 486 684 551 qui
718 487 1005 545 remansistis,
1056 486 1165 534 dicis
1201 503 1213 532 ε
1251 485 1348 531 Non
1390 485 1490 541 fiat,

118 575 206 604 non
226 559 315 606 fiat.

180 629 301 676 XXI.
335 628 470 676 Audis
491 628 612 692 loqui
643 629 927 689 Evangelium
957 647 967 674 :
1002 651 1020 671 «
1048 629 1298 693 Oportebat
1322 627 1495 692 impleri

117 717 138 739 ‚³
161 699 332 755 omnia,
369 717 470 764 quae
502 699 666 763 scripta
699 711 800 745 sunt
833 699 878 744 in
914 703 1052 760 Lege,
1089 710 1131 745 et
1161 698 1421 763 Prophetis,
1454 709 1496 744 et

117 789 139 811 ›>
163 769 346 816 Psalmis
372 771 426 816 de
443 787 509 816 me
534 787 545 815 ε
574 781 681 816 tunc
706 770 877 833 aperuit
894 769 976 815 illis
999 786 1167 816 sensum
1184 806 1195 825 ‚
1222 779 1270 814 ut
1289 767 1497 828 intellige-

117 861 139 882 »
163 851 258 887 rent
277 841 550 905 Scripturas3
570 851 612 886 et
633 839 740 886 dixit
756 840 814 886 eis
834 858 844 885 ε
863 840 1083 897 Quoniam
1099 839 1159 886 sic
1175 840 1387 903 scriptum
1407 849 1489 894 est,

116 933 136 954 »
160 922 202 958 et
224 911 285 958 sic
312 912 546 976 oportebat
573 911 667 975 pati
691 910 917 957 Christum
936 948 946 966 ,
973 922 1016 957 et
1038 927 1256 971 resurgere
1274 928 1294 956 a
1315 909 1497 957 mortuis

115 1004 137 1025 ‚2
162 983 288 1029 tertia
307 982 399 1040 die,
427 993 468 1029 et
486 981 722 1047 praedicari
743 982 788 1028 in
811 982 986 1028 nomine
1009 985 1100 1043 ejus
1123 981 1430 1046 poenitentiam
1454 990 1496 1026 et

116 1074 138 1096 ›>
160 1053 452 1099 remissionem
483 1063 761 1117 peccatorum
782 1070 860 1117 per
885 1070 1032 1099 omnes
1052 1063 1196 1114 gentes
1211 1089 1222 1109 ‚
1240 1052 1495 1115 incipienti-

117 1147 138 1166 »
161 1123 244 1170 bus
269 1124 326 1170 ab
349 1123 581 1170 Jerusalem
593 1124 626 1171 ².
653 1145 672 1166 ›>
695 1125 821 1184 Legis
842 1124 968 1170 etiam
993 1126 1127 1171 Actus
1153 1123 1463 1187 Apostolorum
1483 1160 1495 1179 ,

115 1194 489 1258 quemadmodum
509 1194 597 1241 hoc
628 1195 910 1255 Evangelium
938 1194 1124 1259 coeperit
1157 1195 1213 1240 ab
1234 1193 1495 1249 Jerusalem,

117 1264 196 1310 ubi
214 1265 469 1329 primoillos
494 1276 668 1311 centum
688 1265 840 1325 viginti
865 1265 1054 1329 Spiritus
1073 1275 1246 1311 sanctus
1266 1264 1464 1328 implevit
1483 1301 1494 1319 ‚

117 1345 247 1400 atque
266 1336 367 1406 inde
384 1337 428 1383 in
452 1335 652 1382 Judaeam
672 1346 802 1400 atque
818 1336 1057 1383 Samariam
1077 1373 1087 1393 ,
1106 1347 1147 1382 et
1167 1336 1209 1382 in
1230 1352 1377 1382 omnes
1392 1352 1498 1396 gen-

117 1415 177 1452 tes
195 1406 366 1464 exierit,
385 1407 496 1453 sicut
514 1407 572 1452 eis
589 1405 755 1452 dixerat
774 1423 1026 1453 ascensurus
1040 1407 1084 1452 in
1103 1406 1266 1453 coelum
1293 1424 1302 1451 :
1326 1427 1345 1447 α
1367 1406 1500 1451 Eritis

117 1497 136 1519 κ
167 1476 275 1523 mihi
301 1487 423 1523 testes
444 1477 489 1523 in
513 1475 754 1523 Jerusalem
784 1487 826 1523 et
845 1477 888 1523 in
917 1488 1006 1524 tota
1034 1477 1187 1523 Judaea
1209 1488 1249 1523 et
1276 1476 1493 1531 Samaria,

118 1569 139 1590 ›>
163 1559 205 1594 et
237 1564 373 1613 usque
402 1549 447 1595 in
474 1550 579 1595 fines
609 1548 796 1595 terraess:
823 1548 926 1613 quia
959 1548 1004 1594 in
1030 1565 1201 1595 omnem
1226 1559 1381 1595 terram
1410 1547 1499 1593 exi-

118 1640 138 1661 »
157 1618 220 1665 vit
242 1635 370 1666 sonus
386 1636 536 1665 eorum
552 1656 562 1673 ,
592 1629 634 1664 et
658 1619 702 1664 in
726 1620 830 1665 fines
853 1618 973 1665 orbis
992 1629 1117 1665 terrae
1137 1620 1270 1665 verba
1290 1636 1453 1665 eorum.
1479 1641 1497 1659 υ

117 1690 173 1735 Et
198 1699 245 1736 tu
264 1690 529 1736 contradicis
552 1689 711 1736 divinis
730 1690 988 1742 testimoniis
1006 1700 1125 1735 tanta
1143 1689 1347 1735 firmitate
1367 1690 1498 1735 robo-

118 1760 221 1806 ratis
236 1797 246 1816 ‚
274 1771 392 1807 tanta
411 1761 508 1807 luce
522 1759 806 1807 manifestatis
822 1797 833 1817 ,
853 1771 894 1806 et
915 1760 968 1806 ad
993 1761 1117 1806 istam
1133 1760 1497 1824 proscriptionem

117 1832 284 1879 Christi
315 1832 615 1879 haereditatem
644 1831 883 1894 perducere
919 1832 1088 1878 conaris
1106 1870 1118 1888 ,
1146 1842 1193 1878 ut
1217 1848 1318 1878 cum
1342 1833 1386 1877 in
1409 1836 1499 1891 ejus

118 1904 317 1961 nomine,
341 1905 454 1950 sicut
477 1903 611 1960 dixit,
634 1903 906 1967 praedicetur
931 1903 1191 1967 poenitentia
1224 1904 1268 1949 in
1294 1903 1498 1948 omnibus

119 1974 321 2035 gentibus
345 1975 541 2039 quisquis
564 1974 650 2020 hac
673 1973 804 2020 fuerit
823 1973 1139 2037 praedicatione
1165 1984 1432 2030 commotus‚
1456 1976 1499 2019 in

119 2045 314 2110 qualibet
335 2057 457 2109 parte
479 2046 599 2092 orbis
620 2056 829 2092 terrarum
849 2082 858 2100 ,
884 2046 965 2091 nisi
988 2046 1207 2109 quaesierit
1229 2056 1270 2092 et
1288 2046 1500 2092 invenerit

118 2115 320 2162 latentem
336 2117 381 2162 in
404 2116 668 2162 Mauritania
687 2116 942 2162 Caesariensi
962 2117 1297 2163 Cartennensem
1318 2117 1501 2162 Vincen-

121 2187 227 2233 tium
247 2225 257 2243 ‚
279 2198 352 2233 aut
373 2187 558 2251 aliquem
579 2204 625 2232 ex
645 2190 737 2247 ejus
757 2204 911 2232 novem
940 2198 1013 2233 aut
1034 2187 1180 2233 decem
1201 2188 1476 2233 consortibus
1492 2225 1503 2244 ,

120 2256 283 2303 dimitti
303 2259 340 2302 ei
364 2267 542 2321 peccata
569 2274 655 2302 non
680 2257 862 2321 possint.
899 2256 1019 2314 Quid
1046 2275 1134 2302 non
1160 2256 1317 2303 audeat
1338 2257 1506 2321 typhus

123 2328 366 2374 morticinae
391 2327 609 2391 pelliculae
625 2363 636 2384 ‚
655 2345 742 2391 qno
762 2345 848 2374 non
877 2345 918 2373 se
948 2329 1195 2391 praecipitet
1218 2329 1506 2392 praesumptio

121 2398 262 2443 carnis
278 2408 320 2443 et
336 2398 587 2458 sanguinis?
607 2398 803 2444 Iloecine
820 2410 881 2444 est
896 2399 1063 2443 bonum
1083 2415 1194 2462 opus
1207 2409 1329 2445 tuum
1347 2438 1357 2455 ‚
1371 2417 1507 2464 prop-

124 2479 186 2513 ter
199 2467 318 2531 quod
331 2485 418 2514 non
433 2468 583 2513 timeas
600 2471 890 2531 potestatem?
907 2469 1095 2513 'santum
1111 2468 1365 2515 scandalum
1384 2470 1509 2534 ponis

127 2537 329 2586 adversus
361 2538 499 2584 filium
530 2539 678 2584 matris
715 2550 826 2595 tine,
865 2539 1097 2603 parvulum
1130 2539 1293 2586 scilicet
1318 2551 1359 2586 et
1384 2541 1512 2586 infir·

171 2622 281 2654 lt’sat.
311 2632 406 2654 Lxxr,
446 2632 626 2662 17·¹9····
646 2620 739 2653 ¹²Luc
771 2632 856 2664 xxiv,
884 2628 998 2662 25-47.
1017 2620 1172 2652 -3Αι-Ἰ.
1197 2621 1272 2658 ι,’8.
