1902 3268
667 293 690 322 11:
699 292 878 322 t‘tSTOLA
912 294 1010 324 cxx.
1455 281 1547 345 395

165 361 493 426 prudenterque
520 358 771 414 discutiam,
796 368 844 404 ut
868 358 1080 406 doctrinae
1112 377 1236 417 meae,
1271 362 1382 408 sicut
1414 362 1541 418 dicis,

167 433 416 496 ingeniique
446 430 665 486 serenitas,
699 431 756 475 ita
788 430 993 476 nebulam
1019 442 1170 478 vestrae
1196 433 1349 478 mentis
1374 434 1543 480 abster-

166 515 256 565 gat,
281 514 327 550 ut
362 502 481 567 quod
506 518 625 547 nunc
661 501 848 561 cogitare
868 519 954 547 non
976 503 1170 566 potestis,
1206 503 1500 564 intelligentiae
1520 523 1544 551 a

167 591 236 620 me
253 573 416 620 lumine
433 572 701 619 declaratum
724 572 860 618 oculis
891 573 1081 636 quodam
1107 574 1236 620 modo
1256 574 1400 620 videre
1438 592 1540 638 pos-

165 646 282 692 sitis:
306 645 404 694 vide
428 645 549 709 prius
571 655 717 690 utrum
739 645 818 690 ista
842 646 993 708 petitio
1010 662 1109 692 cum
1133 657 1205 691 tua
1235 646 1448 709 superiori
1464 646 1539 693 de-

165 717 360 764 finitione
382 716 631 764 concordet.
657 716 865 778 Superius
888 717 1055 780 quippe
1079 720 1126 763 in
1150 717 1299 762 cadem
1315 718 1408 780 ipsa
1431 718 1541 780 epis-

168 788 254 834 tola
275 826 286 845 ‚
323 788 369 834 in
411 805 497 851 qua
522 788 609 833 hoc
633 787 770 850 petis,
817 787 938 850 apud
974 789 1249 851 temetipsum
1284 787 1481 833 definisse
1504 798 1543 833 te

158 858 293 915 dicis,
314 877 363 905 ex
381 858 466 904 fide
490 858 711 905 veritatem
746 858 881 917 magis
917 859 1064 921 quam
1092 876 1139 904 ex
1176 859 1341 904 ratione
1374 859 1544 922 percipi

164 927 382 995 oportere,
408 951 427 972 α
451 929 497 975 Si
537 929 650 975 enim
688 927 793 973 fides
812 965 822 985 ‚
872 930 1043 994 inquis,
1075 940 1235 976 sanctae
1260 929 1468 976 Ecclesiae
1495 947 1544 975 ex

162 1021 184 1043 »
207 1000 516 1065 disputationis
537 999 721 1055 ratione,
746 1009 787 1045 et
812 1017 900 1046 11011
924 1018 970 1047 ex
986 1001 1253 1048 credulitatis
1274 1000 1434 1064 pietate
1460 1018 1544 1064 ap-

163 1091 185 1114 »
201 1071 564 1135 prehenderetur,
594 1088 721 1116 nemo
754 1081 914 1134 praeter
937 1071 1229 1135 philosophos
1247 1082 1375 1135 atque
1394 1082 1544 1117 orato-

163 1163 183 1185 »
204 1159 269 1189 res
290 1141 606 1189 beatitudinem
631 1141 882 1205 possideret.
915 1142 1000 1188 Sed
1026 1144 1130 1207 quia
1159 1142 1344 1206 placuit,
1370 1143 1542 1206 inquis,

162 1233 184 1255 >³
205 1215 296 1260 Deo
314 1251 324 1269 ,
345 1213 422 1278 (1111
456 1213 628 1258 infirma
656 1214 787 1274 liujus
811 1213 963 1260 mundi
990 1215 1116 1275 elegit
1134 1252 1145 1270 ,
1178 1224 1226 1260 ut
1257 1214 1546 1260 confunderet

163 1307 184 1327 »
209 1285 355 1340 fortia,
385 1301 463 1348 per
489 1284 715 1329 stultitiam
756 1285 1085 1348 praedicationis
1127 1285 1265 1332 salvos
1288 1285 1429 1331 facere
1448 1302 1546 1331 cre-

162 1376 184 1398 »
208 1354 377 1411 dentes,
404 1372 491 1401 non
515 1365 602 1400 tam
628 1355 739 1400 ratio
763 1355 1040 1419 requirenda,
1062 1373 1194 1420 quam
1226 1356 1460 1402 auctoritas
1485 1366 1547 1401 est

166 1447 188 1470 »
212 1426 429 1491 sequenda
443 1435 693 1472 sanctorum
710 1425 743 1473 ’1.
766 1448 785 1468 »
802 1427 910 1472 Vide
929 1445 1030 1487 ergo
1044 1427 1283 1473 secundum
1299 1426 1397 1472 haec
1415 1427 1548 1473 verba

165 1509 256 1553 tua,
285 1514 338 1543 ne
361 1497 506 1561 potius
518 1496 694 1555 debeas,
727 1497 908 1543 maxime
931 1497 985 1543 de
1009 1497 1095 1543 hac
1119 1514 1181 1554 re,
1208 1497 1252 1542 in
1268 1514 1354 1560 qua
1383 1497 1547 1560 1110001-

162 1585 251 1632 pue
273 1566 380 1614 fides
407 1577 552 1613 nostra
569 1567 791 1624 consistit,
813 1567 946 1613 solam
972 1578 1221 1614 sanctorum
1247 1567 1549 1613 auctoritatem

162 1639 301 1702 sequi,
327 1655 408 1684 nec
433 1641 525 1698 ejus
543 1637 840 1698 intelligentiae
858 1657 878 1684 a
901 1656 968 1684 me
991 1655 1184 1701 qurerere
1211 1638 1436 1684 rationem.
1457 1638 1549 1683 Ne-

163 1726 249 1773 que
263 1709 377 1755 enim
400 1726 500 1754 cum
521 1725 698 1772 coepero
724 1720 764 1755 te
781 1709 826 1755 111
848 1709 956 1755 tanti
969 1709 1103 1770 hujus
1123 1709 1273 1755 secreti
1297 1708 1546 1769 intelligen—

166 1781 269 1827 tiam
291 1790 528 1843 utcumque
544 1779 820 1827 introducere
856 1780 1007 1844 (quod
1032 1781 1115 1826 nisi
1141 1781 1255 1827 Deus
1280 1780 1396 1826 intus
1416 1779 1549 1840 adJu-

167 1853 291 1906 verit,
313 1852 492 1899 omnino
510 1869 595 1897 non
614 1851 793 1916 potero)
814 1851 934 1898 aliud
953 1851 1202 1898 disserendo
1219 1851 1412 1898 facturus
1427 1867 1544 1907 sum,

163 1941 297 1988 quam
324 1923 533 1970 rationem
559 1934 608 1969 ut
625 1935 777 1987 potero
800 1923 1048 1970 redditurus
1072 1940 1232 1987 :quam
1257 1923 1292 1969 si
1315 1941 1339 1969 a
1364 1940 1448 1979 me,
1483 1921 1549 1969 vel

166 2013 190 2042 a
215 1995 414 2058 quolibet
434 1994 614 2041 doctore
637 2013 725 2041 11011
751 1994 1111 2041 irrationabiliter
1134 1994 1318 2055 flagitas,
1355 2004 1403 2039 ut
1427 1993 1549 2057 quod

166 2065 531 2126 credisintelligas
549 2086 561 2120 3
585 2066 754 2126 corrige
769 2065 1066 2112 definitionem
1084 2075 1224 2122 tuam,
1242 2081 1331 2111 non
1348 2075 1397 2111 ut
1417 2064 1550 2111 fidem

166 2154 363 2200 respuas,
389 2136 464 2183 sed
488 2148 537 2183 ut
566 2154 614 2183 ea
638 2154 740 2201 quae
770 2136 870 2183 fidei
910 2136 1115 2185 firmitate
1141 2140 1234 2197 jam
1260 2146 1392 2193 tenes,
1417 2135 1550 2183 etiam

140 2240 142 2243 -
167 2207 347 2254 rationis
369 2207 467 2254 luce
487 2207 745 2270 conspicias
841 2207 857 2216 ‘

233 2278 317 2326 lll.
346 2278 470 2325 Absit
486 2295 676 2343 namque
693 2289 742 2324 ut
755 2279 841 2325 hoc
863 2279 909 2324 in
934 2279 1061 2324 nobis
1076 2279 1192 2324 Deus
1207 2277 1368 2333 oderit,
1389 2276 1436 2323 in
1458 2291 1548 2340 quo

168 2365 246 2396 nos
260 2348 437 2413 reliquis
451 2349 746 2396 animantibus
767 2349 1082 2396 excellentiores
1098 2349 1274 2397 creavit.
1302 2347 1446 2403 Absit,
1474 2346 1549 2393 in-

138 2458 139 2461 *
168 2436 322 2485 quam,
357 2430 404 2466 ut
432 2420 529 2467 ideo
551 2420 795 2477 credamus,
823 2438 877 2468 ne
907 2421 1118 2469 rationem
1155 2419 1424 2484 accipiamus
1460 2418 1551 2467 sive

139 2524 141 2526 -
168 2508 446 2556 quaeramus;
467 2509 568 2539 cum
584 2493 714 2539 etiam
746 2491 919 2539 credere
940 2510 1029 2539 non
1044 2503 1284 2557 possemus,
1310 2490 1395 2538 nisi
1415 2490 1553 2544 ratio-

139 2594 143 2599 ·
170 2561 287 2610 nales
301 2561 463 2613 animas
482 2563 754 2611 haberemus,
778 2563 836 2610 Ut
851 2580 954 2624 ergo
977 2562 1021 2611 in
1040 2562 1309 2627 quibusdam
1346 2561 1478 2611 rebus
1493 2561 1550 2609 acl

221 2647 231 2668 ¹
252 2657 269 2678 2
290 2648 367 2680 Cor.
392 2658 418 2685 1,
438 2657 556 2687 27-29,
