1902 3268
623 282 834 313 nrts'rota
874 280 1059 310 mxxiii.
1450 265 1533 309 192¹»

162 357 219 402 eis
258 371 277 400 a
313 366 382 399 me
413 351 719 412 undecumque
760 345 1076 411 provideretur.
1112 346 1200 404 ligo
1229 354 1367 389 autem
1399 354 1535 407 puto,

160 425 264 489 quia
289 423 321 468 si
357 432 498 467 totum
522 420 581 464 eis
613 416 872 464 auferretur.
899 426 1005 461 esset
1029 413 1147 479 quod
1175 413 1418 459 diceremur
1454 429 1539 458 non

161 495 215 542 de
235 492 422 559 pecunia
444 507 543 544 nos,
565 488 639 536 sed
659 486 894 549 dejustitia
915 497 1140 550 tantopere
1167 485 1398 531 laborasse.
1426 482 1540 528 Cum

161 575 263 614 Vero
301 561 534 610 dimidium
576 560 634 606 eis
668 558 974 615 coricediniu5‚
1010 568 1052 604 et
1087 575 1136 603 eo
1177 555 1308 602 modo
1343 570 1445 601 cum
1483 554 1542 599 eis

163 636 428 702 quandoque
448 632 754 697 componimus
769 669 779 687 ,
798 632 900 676 satis
925 628 1156 693 apparebit
1181 638 1371 673 nostram
1393 640 1543 672 curam

163 707 275 755 nihil
298 704 414 753 aliud
435 718 566 769 quam
585 702 883 768 pecuniariam
911 700 1039 746 fuisse
1062 709 1103 744 et
1127 698 1245 744 vides
1268 714 1368 761 quae
1395 695 1544 760 perni-

164 771 249 825 cies
269 785 574 842 consequatur.
620 775 675 820 Et
710 773 792 819 illis
823 771 934 818 enim
961 768 1212 817 videbimur
1248 768 1430 813 alienam
1454 782 1545 812 rem

165 847 393 896 dimidiam
420 846 566 893 tulisse
589 862 600 891 ε
622 854 665 890 et
696 843 759 889 illi
794 842 1064 889 videbuntur
1101 840 1228 886 nobis
1253 839 1478 885 inhoneste
1505 846 1548 882 et

163 918 314 982 inique
330 935 373 964 se
390 933 535 982 passos
552 915 682 962 fuisse
699 952 710 971 ,
729 924 777 959 ut
798 913 1110 974 adjuvarentur
1132 911 1184 956 de
1203 909 1403 964 dimidio,
1427 907 1546 971 quod

166 998 306 1035 totum
329 1002 579 1053 pauperum
601 985 756 1032 fuerat.
784 985 894 1030 Nam
913 983 1032 1048 quod
1047 982 1219 1028 dixisti:
1247 1002 1265 1021 r«
1289 978 1545 1026 Cavendum

166 1070 255 1116 est,
296 1075 350 1106 ne
374 1074 473 1105 cum
502 1074 592 1103 rem
630 1056 814 1103 dubiam
854 1055 1073 1102 emendari
1116 1053 1343 1107 volutum,
1387 1054 1547 1109 majora

166 1129 348 1177 vulnera
373 1128 585 1175 faciamus
602 1149 657 1193 ,3³
683 1127 952 1173 tantumdem
975 1125 1159 1180 valebit,
1182 1124 1214 1170 si
1237 1125 1294 1169 eis
1317 1119 1549 1168 dimidium

168 1201 450 1249 concedatur.
468 1201 656 1263 Propter
676 1200 818 1263 ipsum
838 1198 1004 1262 quippe
1021 1197 1254 1243 (liniidium
1276 1194 1338 1240 illi
1359 1208 1548 1257 quorum

171 1271 445 1320 conversioni
477 1269 702 1316 consulere
735 1269 963 1325 volumus,
993 1277 1040 1313 ut
1063 1267 1148 1313 hoe
1185 1265 1379 1328 exemplo
1404 1278 1550 1308 secum

171 1353 340 1405 agatur,
360 1358 504 1388 rerum
530 1358 704 1388 suarum
729 1340 1022 1387 venditionem
1048 1356 1126 1402 per
1151 1334 1404 1383 morasillas
1427 1349 1550 1379 excu-

170 1414 350 1461 satorias
368 1413 545 1460 dilaturi
571 1423 684 1460 sunt.
726 1411 894 1458 Deinde
915 1411 1072 1457 mirum
1105 1410 1136 1455 si
1170 1409 1224 1454 de
1256 1424 1300 1453 re
1330 1406 1466 1452 dubia
1489 1414 1548 1449 est

113 1531 122 1541 ,,
169 1485 303 1532 totius
338 1484 480 1548 plebis
517 1494 602 1530 tam
642 1483 805 1543 grande
846 1481 1131 1535 scandalum,
1167 1479 1297 1526 cum¹
1324 1477 1551 1541 episcopos

171 1573 296 1614 suos,
318 1572 426 1620 quos
440 1572 521 1619 pro
546 1572 703 1616 magno
726 1554 916 1610 liabent,
946 1552 1121 1599 sordida
1149 1550 1328 1598 avaritia
1357 1547 1553 1594 macula-

172 1637 239 1674 tos
258 1636 444 1692 putant,
466 1626 572 1672 dum
597 1625 787 1685 maligna
806 1624 968 1689 species
997 1642 1084 1670 non
1110 1623 1286 1669 vitatur.

239 1699 324 1744 Ill.
355 1698 467 1744 Nam
500 1714 600 1742 cum
627 1697 811 1760 quisque
839 1695 892 1741 ad
917 1696 1224 1741 monasterium
1263 1689 1550 1744 convertitur,

175 1769 209 1815 si
236 1768 379 1816 veraci
404 1767 536 1814 corde
566 1767 854 1822 convertitur,
894 1766 1001 1812 illud
1029 1783 1115 1811 non
1155 1764 1343 1825 cogitat,
1373 1759 1554 1806 maxime

179 1839 428 1886 admonitus
448 1849 661 1902 quantum
682 1838 844 1884 malum
861 1839 927 1885 sit.
956 1838 999 1883 Si
1017 1848 1159 1883 autem
1174 1836 1300 1882 fallax
1318 1843 1379 1879 est
1395 1870 1405 1889 ,
1423 1842 1463 1877 et
1480 1846 1555 1876 sua

177 1910 363 1974 quaerit,
385 1927 472 1955 non
492 1926 593 1973 quae
616 1909 719 1955 Jesu
745 1908 908 1955 Christi
929 1945 939 1963 ‚
964 1925 1051 1953 non
1075 1908 1212 1953 habet
1237 1905 1387 1968 utique
1406 1900 1555 1948 chari-

176 1983 363 2028 ritatem.
397 1982 454 2027 Et
487 1980 596 2045 quid
627 1979 663 2026 ei
702 1979 903 2043 prodest,
940 1979 973 2024 si
1004 1977 1275 2024 distribuerit
1312 1974 1455 2021 omnia
1483 1988 1558 2017 sua

177 2052 476 2117 pauperibus,
510 2061 552 2097 et
578 2050 804 2097 tradiderit
833 2066 993 2114 corpus
1022 2066 1146 2096 suum
1182 2059 1230 2094 ut
1255 2046 1431 2093 ardeat?
1458 2044 1557 2090 IIuc

181 2123 373 2180 accedit,
401 2122 661 2187 quiaillud,
683 2123 897 2183 sicutjam
925 2121 1132 2168 collocuti
1158 2136 1329 2176 sumus,
1355 2117 1558 2178 deinceps

179 2195 307 2243 vitari
332 2204 491 2257 potest,
510 2203 551 2240 et
575 2193 641 2254 agi
664 2209 765 2240 cum
790 2210 840 2239 eo
863 2194 938 2258 qui
959 2193 1240 2247 convertitur,
1261 2192 1294 2236 si
1311 2206 1396 2235 non
1418 2197 1559 2252 potest

184 2265 356 2312 admitti
377 2264 432 2311 ad
450 2264 697 2311 societatem
716 2264 923 2320 fratrum,
949 2275 1179 2328 antequam
1200 2279 1241 2308 se
1259 2260 1464 2306 omnibus
1478 2257 1560 2304 illis

182 2334 505 2400 impedimentis
537 2336 722 2391 exuerit,
751 2345 794 2380 et
829 2352 874 2381 ex
899 2337 986 2380 otio
1024 2333 1224 2379 tendatur
1253 2348 1350 2377 cum
1378 2334 1471 2390 ejus
1498 2345 1562 2375 res

179 2411 269 2468 jam
285 2423 372 2452 esse
387 2404 611 2454 destiterit.
644 2406 751 2452 Haec
770 2418 908 2452 autem
934 2422 1047 2451 mors
1072 2405 1346 2450 infirmorum
1364 2440 1374 2458 ‚
1400 2412 1442 2447 et
1463 2412 1562 2447 tan-

185 2490 279 2524 tum
304 2477 665 2541 impedimentum
685 2477 833 2524 salutis
858 2494 1005 2522 eorum
1022 2514 1031 2532 ‚
1060 2493 1140 2540 pro
1156 2475 1319 2539 quibus
1338 2484 1563 2537 tantopere

185 2549 440 2595 laboramus
468 2559 516 2595 ut
551 2566 621 2596 eos
641 2547 873 2596 catholicae
900 2548 998 2612 paci
1025 2548 1263 2604 lucremur,
1289 2546 1408 2592 aliter
1435 2544 1563 2592 vitari

237 2631 246 2654 ¹
274 2633 367 2663 Forte
388 2643 481 2674 quam
502 2644 584 2665 eum.
