1902 3268
659 317 874 350 musrom
908 318 1064 351 cxvm.
1458 306 1551 372 367

176 388 211 435 si
238 387 348 435 huic
371 397 448 433 tuo
470 384 614 433 studio
648 383 880 431 defuerunt
900 422 911 442 ,
945 401 1034 431 non
1068 383 1199 431 modo
1225 402 1247 432 a
1272 403 1341 433 me
1364 404 1451 434 non
1475 406 1547 436 re-

177 456 540 522 prehenduntur,
569 454 642 501 sed
662 455 790 501 etiam
816 455 1124 519 approbantur
1142 493 1152 512 ‚
1177 455 1212 502 si
1234 455 1344 504 forte
1365 461 1456 519 jam
1484 476 1556 505 re-

178 527 330 575 colunt
346 564 360 585 ,
388 544 477 574 non
498 528 801 574 Romanorum
823 525 1037 582 fororum,
1062 525 1136 572 sed
1160 526 1419 574 Graecorum
1437 546 1560 594 gym-

178 598 398 645 nasiorum
422 598 502 644 ista
528 596 662 644 solere
690 613 778 642 esse
805 596 1056 643 certamina.
1100 597 1167 643 Tu
1192 614 1294 644 vero
1325 616 1425 646 cum
1449 611 1491 646 et
1513 600 1559 647 in

179 668 403 733 gymnasia
425 667 732 729 cogitationem
753 666 962 726 injecisti,
982 676 1025 712 et
1050 683 1098 712 ea
1117 683 1291 732 quoque
1317 669 1410 733 ipsa
1432 671 1559 718 inve·-

180 738 284 785 nisti
303 737 464 785 talibus
476 737 607 784 rebus
629 737 748 784 nuda
774 747 905 801 atque
921 736 1098 797 frigida,
1126 737 1205 783 ubi
1224 738 1303 784 has
1319 756 1446 786 curas
1465 752 1561 788 tuas

181 808 419 874 deponeres
435 846 447 867 ‚
469 808 824 857 Christianorum
849 807 931 852 tibi
957 806 1138 854 basilica
1158 808 1456 872 Hipponensis
1482 829 1562 858 oc-

183 880 320 926 currit
338 900 350 938 ;
371 879 475 945 quia
497 879 545 926 in
565 895 613 925 ea
638 893 758 924 nunc
782 876 900 924 sedet
926 876 1160 940 episcopus
1176 913 1188 936 ‚
1224 879 1301 942 qui
1330 879 1565 946 aliquando

187 949 269 997 ista
293 950 441 1015 pueris
461 948 675 997 vendidit.
703 946 789 995 Sed
809 964 889 994 nec
912 957 953 993 te
967 947 1066 994 volo
1084 964 1171 995 esse
1185 949 1334 997 adhuc
1349 969 1562 1015 puerum3

185 1031 229 1067 et
250 1038 320 1068 me
336 1025 430 1082 jam
448 1037 535 1067 esse
555 1019 794 1085 puerilium
825 1036 989 1075 rerum,
1016 1019 1129 1066 sicut
1149 1037 1238 1067 non
1262 1023 1530 1071 venditorem
1551 1063 1564 1083 ,

183 1090 248 1138 ita
262 1107 344 1138 nec
360 1090 613 1152 largitorem
637 1089 776 1137 decet.
811 1089 925 1146 Quae
945 1106 1046 1136 curn
1068 1091 1129 1136 ita
1153 1091 1239 1137 sint
1257 1129 1268 1149 ,
1300 1092 1345 1139 id
1367 1105 1445 1151 est,
1466 1112 1568 1142 cum

186 1161 292 1209 duae
310 1172 446 1209 tantae
472 1162 626 1219 urbes,
653 1161 888 1207 latinarum
917 1160 1162 1208 litterarum
1184 1164 1370 1211 artifices
1392 1202 1402 1221 ‚
1426 1166 1569 1214 Roma

190 1242 321 1297 atque
339 1232 581 1293 Carthago,
602 1249 683 1279 nec
705 1231 837 1278 taedio
865 1231 946 1278 tibi
972 1233 1075 1290 sint,
1102 1243 1152 1279 ut
1179 1251 1202 1280 a
1225 1244 1267 1281 te
1289 1235 1369 1281 ista
1384 1238 1569 1302 perqui-

191 1313 291 1350 rant
304 1340 317 1361 ,
337 1320 420 1350 nec
436 1302 569 1350 taedia
589 1314 664 1349 tua
684 1312 865 1358 curent,
891 1312 938 1349 ut
956 1313 999 1349 te
1015 1303 1095 1350 ista
1108 1305 1432 1369 perquirentem
1447 1325 1573 1356 exau-

192 1373 343 1432 diant;
366 1374 502 1421 miror
524 1384 696 1420 tantum
715 1384 933 1438 quantum
963 1374 1053 1420 dici
1082 1392 1172 1422 non
1192 1386 1357 1440 potest,
1383 1379 1517 1426 vereri
1537 1391 1577 1427 te

193 1454 285 1491 tam
305 1443 414 1491 boni
437 1444 599 1506 ingenii
614 1447 822 1505 Juvenem
839 1481 850 1501 ‚
879 1460 933 1490 ne
957 1444 1002 1490 in
1023 1447 1177 1505 graecis
1201 1456 1331 1510 atque
1350 1449 1576 1497 orientali-

194 1515 279 1562 bus
297 1514 487 1561 urbibus
512 1530 780 1578 quemquam
805 1514 860 1561 de
877 1514 946 1561 his
971 1515 1103 1562 rebus
1130 1516 1360 1565 molestum
1385 1519 1576 1568 interro—

196 1595 388 1646 gatorem
411 1585 536 1633 feras.
573 1584 761 1639 Facilius
786 1585 955 1649 quippe
987 1586 1232 1634 corniculas
1257 1588 1303 1634 in
1335 1589 1480 1638 Africa
1504 1609 1578 1641 au-

197 1655 345 1712 dieriS,
363 1670 498 1719 quam
516 1655 561 1700 in
585 1654 668 1700 illis
684 1655 890 1719 partibus
910 1656 998 1702 hoc
1021 1673 1155 1717 genus
1177 1657 1311 1706 vocis,

263 1726 321 1773 X.
346 1723 516 1771 Deinde
542 1725 578 1771 si
601 1724 730 1784 fallor
750 1762 761 1782 ‚
788 1735 831 1772 et
853 1726 1088 1790 quisquam
1109 1728 1172 1774 ibi
1191 1728 1303 1775 forte
1320 1729 1577 1791 hujusmodi

198 1795 493 1860 quaestionum
525 1805 646 1841 tanto
669 1795 820 1859 utique
847 1795 1062 1856 odiosior,
1089 1809 1256 1862 quanto
1289 1799 1334 1846 in
1368 1801 1453 1848 illis
1472 1803 1580 1851 locis

201 1867 393 1931 ineptior
408 1877 688 1930 percontator
702 1867 906 1924 extiterit,
920 1884 1066 1915 nonne
1083 1870 1218 1930 magis
1235 1887 1358 1918 caves
1373 1890 1426 1919 ne
1437 1875 1578 1922 multo

201 1937 371 1984 facilius
391 1937 593 1995 existant,
620 1938 697 2000 qui
727 1948 766 1983 te
789 1937 920 1998 graeci
938 1938 1136 1985 homines
1157 1940 1202 1985 in
1223 1941 1395 1988 Graecia
1416 1945 1582 1991 consti-

202 2017 373 2064 tutum,
396 2016 438 2053 et
460 2023 602 2067 graeca
622 2007 844 2053 imbutum
863 2008 1068 2071 primitus
1092 2009 1259 2070 lingua,
1286 2011 1340 2058 de
1359 2012 1464 2076 ipsis
1480 2015 1583 2078 phi-

204 2077 494 2142 losophorum
517 2077 643 2124 libris
664 2077 808 2143 aliqua
824 2078 1092 2139 interrogent
1113 2117 1123 2136 ,
1147 2097 1248 2144 quae
1267 2082 1420 2129 Cicero
1435 2084 1480 2130 in
1497 2085 1583 2132 suis

205 2148 360 2196 litteris
378 2166 467 2195 non
485 2149 660 2212 posuit?
687 2149 820 2206 Quod
843 2149 876 2195 si
902 2150 1135 2207 acciderit,
1162 2151 1271 2215 quid
1300 2169 1585 2217 responsurus

210 2236 274 2277 es,
302 2219 449 2283 potius
465 2229 506 2265 te
522 2219 600 2265 ista
626 2219 671 2264 in
699 2219 934 2266 latinorum
960 2232 1188 2268 auctorum
1212 2222 1355 2280 libris,
1383 2241 1515 2289 quam
1538 2227 1586 2274 in

210 2305 454 2351 graecorum
478 2305 600 2335 nosse
625 2289 842 2335 voluisse?
867 2291 966 2347 Qua
990 2292 1267 2354 responsione
1290 2294 1435 2356 primo
1458 2297 1587 2344 Grae-

211 2361 292 2405 ciae
315 2358 446 2406 facies
467 2358 671 2419 injuriam
695 2396 705 2415 ‚
730 2371 771 2406 et
791 2361 902 2406 nosti
927 2378 1059 2424 quam
1080 2362 1144 2408 illi
1170 2361 1370 2411 homines
1385 2365 1473 2413 hoc
1498 2385 1589 2415 non

212 2429 366 2477 ferant.
391 2429 560 2475 Deinde
575 2434 664 2491 jam
688 2430 919 2478 exulcerati
940 2442 982 2477 et
998 2432 1097 2477 irati
1112 2449 1268 2497 ‚quam
1287 2434 1375 2481 cito
1390 2446 1446 2494 te,
1467 2438 1589 2502 quod

213 2501 342 2547 nimis
379 2516 468 2546 non
490 2500 579 2557 viS‚
620 2511 662 2546 et
685 2500 886 2548 hebetem
903 2501 1202 2562 J'udicabunt,
1242 2505 1318 2568 qui
1345 2522 1591 2567 graecorum

215 2571 590 2636 philosophorum
625 2570 859 2632 dogmata,
896 2572 964 2620 vel
996 2574 1144 2638 potius
1178 2573 1433 2637 dogmatum
1461 2582 1596 2644 parti-

203 2640 338 2702 ‚culas
351 2639 564 2706 quasdam
587 2640 828 2705 discerptas
858 2653 986 2709 atque
1015 2643 1230 2707 dispersas
1259 2645 1304 2694 in
1327 2646 1470 2697 latinis
1492 2650 1590 2700 dia-
