1902 3268
336 259 429 315 346
744 276 780 306 s,
824 275 1069 309 AUGUST1N1
1104 273 1311 308 muscom

335 361 356 383 »
380 339 571 388 divimus
589 356 729 389 servos
759 350 854 390 tuos
873 340 1134 403 Prophetas,
1154 341 1231 405 qui
1260 339 1610 403 loquebanturin
1634 354 1719 384 no·-

335 411 490 462 »mine
524 421 597 456 tuo
647 411 702 456 ad
742 428 858 471 reges
897 422 1096 465 nostros,
1125 422 1168 457 et
1203 411 1256 458 ad
1302 428 1472 457 omnem
1499 409 1717 474 populum

336 503 356 525 n
376 493 517 528 terrae.
543 481 664 535 Tibi,
692 481 891 536 Domine,
908 481 1095 540 justitia,
1116 482 1244 528 nobis
1268 492 1413 528 autem
1433 481 1629 528 confusio
1648 479 1717 526 fa-

335 574 356 595 »
380 553 475 608 civi,
495 552 607 597 sicut
621 551 711 597 dies
728 551 803 597 hic
822 552 916 599 Viro
934 552 960 598 J
967 552 1068 609 uda,
1084 563 1125 598 et
1143 552 1450 599 habitantibus
1465 551 1715 608 Jerusalem,

335 644 356 666 ))
376 633 417 668 et
436 622 555 668 omni
574 622 728 679 Israel,
749 623 825 686 qui
848 622 1032 686 proximi
1056 640 1075 669 s
1095 634 1174 679 2:11,
1212 634 1251 668 ct
1277 624 1350 686 qui
1384 623 1511 682 longe
1549 632 1649 668 sunt
1670 621 1717 666 in

336 715 355 735 »
380 694 499 745 omni
518 703 648 750 terra,
671 693 717 738 in
742 710 830 757 qua
849 711 919 739 eos
943 693 1228 741 disseminasti
1248 693 1329 750 ibi,
1359 705 1541 757 propter
1557 702 1716 739 contu-

336 785 356 806 »
377 763 562 809 maciem
581 780 751 820 eorum,
770 764 1251 827 quiaimprobaverunt
1270 775 1326 820 te,
1349 764 1550 810 Domine.
1578 762 1716 809 Nobis

334 855 354 876 >)
380 845 522 881 autem
550 834 746 880 confusio
784 834 927 891 faciei,
958 835 1132 894 regibus
1157 834 1332 890 nostris,
1361 844 1401 880 et
1438 833 1716 897 principibus

334 926 355 948 »
380 905 553 961 nostris,
577 915 618 950 et
645 905 847 968 patribus
873 905 1049 959 nostris,
1072 905 1150 969 qui
1169 905 1464 969 peccavimus,
1492 904 1595 950 Tibi
1620 904 1716 949 Do-

332 975 490 1030 »mino
518 977 610 1022 Deo
637 987 785 1022 nostro
809 976 1104 1023 miserationes
1139 988 1180 1023 et
1215 975 1547 1041 propitiationes
1566 1012 1577 1031 ,
1600 990 1715 1038 quo—

334 1067 355 1089 »
383 1047 500 1099 niam
514 1046 781 1103 recessimus,
803 1057 844 1097 et
864 1064 952 1092 non
977 1046 1223 1096 audivimus
1250 1064 1402 1094 vocem
1420 1045 1599 1092 Domini
1634 1046 1715 1091 Dei

332 1138 353 1158 »
372 1117 523 1173 nostri,
547 1126 596 1162 ut
614 1133 799 1170 essemus
815 1116 860 1162 in
880 1117 1114 1180 praeceptis
1124 1117 1250 1178 Legis
1265 1117 1418 1178 hujus,
1440 1133 1573 1180 quam
1594 1114 1716 1162 dedit

332 1209 353 1231 ›>
377 1188 419 1242 in
446 1198 686 1251 conspectu
708 1199 856 1234 nostro
887 1188 932 1234 in
957 1205 1089 1237 manu
1115 1205 1335 1238 servorum
1351 1191 1441 1248 ejus
1461 1186 1714 1250 Propheta-

328 1280 349 1300 »
376 1275 488 1313 rum.
518 1259 571 1304 Et
615 1258 756 1307 omnis
795 1258 935 1311 Isra'el
972 1270 1268 1322 peccaverunt
1311 1258 1517 1306 adversus
1555 1259 1713 1317 Legem

330 1351 350 1373 ›>
370 1340 506 1385 tuam,
537 1339 579 1380 et
613 1329 944 1383 declinaverunt
980 1346 1032 1383 ne
1073 1329 1273 1381 audirent
1315 1347 1467 1376 vocem
1491 1340 1642 1375 tuam:
1673 1337 1715 1373 et

330 1421 351 1443 »
374 1400 626 1463 supervenit
671 1400 800 1454 nobis
837 1399 1086 1455 maledictio
1133 1410 1174 1448 et
1211 1399 1544 1461 jusjurandum,
1590 1398 1709 1462 quod

328 1492 349 1514 >2
373 1473 590 1535 scriptum
613 1480 676 1524 est
692 1470 735 1523 in
756 1472 869 1530 Lege
894 1471 1035 1534 Moysi
1066 1471 1175 1523 servi
1198 1472 1272 1519 Dei
1298 1488 1308 1515 ι
1329 1471 1537 1534 quoniam
1554 1487 1707 1533 pecca-

326 1563 346 1583 »
365 1542 524 1599 vimus,
555 1552 597 1587 et
621 1540 770 1594 statuit
792 1557 1006 1593 sermones
1032 1557 1129 1593 suos
1145 1578 1156 1598 ,
1179 1558 1268 1604 quo
1294 1540 1466 1590 locutus
1483 1557 1525 1586 es
1553 1539 1607 1586 ad
1632 1557 1710 1586 nos

327 1633 348 1654 ))
365 1612 536 1672 judices
552 1623 738 1668 nostros,
767 1612 844 1674 qui
857 1611 1125 1671 judicabant
1140 1628 1237 1667 nos,
1258 1610 1548 1674 superducere
1569 1610 1616 1658 in
1632 1628 1709 1657 nos

326 1704 347 1729 >2
373 1682 486 1737 mala
504 1699 679 1742 magna,
700 1698 801 1745 quae
827 1698 1055 1745 uunquam,
1095 1681 1208 1735 facta
1228 1692 1329 1735 ,sunt
1353 1681 1436 1731 sub
1457 1680 1575 1735 omni
1595 1680 1709 1735 coelo

324 1775 345 1801 ›>>
365 1753 607 1809 secuudum
624 1771 691 1810 ea,
716 1752 945 1817 quaefacta
966 1754 1128 1807 suntin
1149 1753 1403 1807 Jerusalem.
1433 1753 1554 1804 Sicut
1572 1754 1709 1816 scrip-

327 1847 349 1868 »
373 1837 466 1881 tum
492 1825 617 1879 estin
641 1826 754 1885 Lege
788 1824 948 1887 Moysi,
979 1825 1125 1879 Omnia
1145 1824 1258 1880 mala
1288 1824 1386 1875 haec
1418 1823 1708 1874 veneruntad

323 1919 344 1944 >2
362 1915 468 1953 nos,
494 1908 536 1952 et
555 1913 642 1953 nou
655 1895 905 1956 rogavimus
945 1896 1186 1951 Dominum
1222 1899 1365 1950 Deum
1409 1905 1624 1951 nostrum,
1659 1905 1708 1944 ut

322 1990 343 2011 »
370 1978 578 2023 averteret
614 1985 637 2021 a
659 1966 788 2019 nobis
812 1966 973 2021 delicta
1019 1977 1164 2019 nostra
1182 2003 1191 2021 ‚
1218 1977 1259 2017 et
1294 1976 1341 2017 ut
1371 1966 1708 2027 intelligeremus

320 2060 339 2082 »
363 2055 536 2093 omnem
560 2037 782 2093 veritatem
820 2035 988 2091 tuam1.
1027 2038 1081 2085 Et
1115 2036 1312 2096 vigilavit
1350 2037 1564 2086 Dominus
1590 2037 1706 2083 Deus

317 2130 338 2152 »
357 2109 413 2165 ad
438 2124 611 2164 omnem
627 2117 827 2161 sanctum
850 2122 996 2163 suum,
1031 2118 1073 2161 et
1095 2106 1298 2170 perduxit
1315 2123 1383 2163 ea,
1405 2123 1506 2171 quae
1526 2106 1630 2155 fecit
1649 2106 1704 2153 ad

317 2202 337 2230 η
360 2196 455 2236 nos,
496 2177 704 2243 quoniam
739 2180 884 2237 justus
923 2178 1138 2227 Dominus
1176 2179 1290 2230 Deus
1324 2188 1471 2229 noster
1498 2177 1543 2226 in
1583 2178 1704 2223 omni

318 2272 338 2297 >2
358 2249 524 2305 mundo
556 2265 635 2303 suo
663 2264 793 2312 quem
825 2247 928 2302 fecit
949 2258 990 2295 et
1012 2266 1098 2303 non
1127 2249 1374 2301 audivimus
1398 2265 1548 2297 vocem
1589 2251 1696 2308 eius,

324 2344 343 2371 ῃ
367 2322 423 2369 Et
445 2336 586 2381 nune,
608 2318 799 2370 Domine
831 2318 948 2368 Deus
982 2330 1142 2378 noster,
1176 2319 1252 2383 qui
1273 2319 1453 2373 eduxisti
1486 2319 1705 2382 populum

319 2415 339 2435 ›>
362 2403 484 2441 tuum
522 2389 576 2446 de
594 2400 707 2445 terra
728 2390 903 2454 AEgypti
925 2390 971 2444 in
995 2407 1127 2445 manu
1148 2390 1269 2446 forti,
1300 2401 1342 2443 et
1366 2390 1503 2441 fecisti
1518 2391 1600 2435 tibi
1618 2406 1705 2440 no·-

317 2486 336 2513 ›,>.
353 2479 451 2519 men.
473 2462 586 2516 ‚sicut
601 2460 691 2516 dies
707 2459 801 2516 hic,
816 2459 975 2517 delicta
990 2461 1192 2519 adversus
1208 2463 1365 2521 Legem
1383 2471 1506 2514 ,tuum
1521 2460 1703 2515 fecimus

313 2555 332 2584 ».
357 2531 560 2594 Domine,
594 2533 639 2588 tri
671 2531 791 2589 amnt
829 2531 1125 2592 misericordia.
1151 2543 1225 2588 tue
1259 2542 1475 2587 avertatur
1512 2531 1701 2594 impetus

368 2615 494 2647 ¹Deut,
513 2624 541 2645 c.
563 2616 618 2651 ²8,
635 2625 690 2658 29.
