1902 3268
621 292 830 325 rris'sora
867 292 1086 323 cxxxvnr.
1453 279 1545 325 525

170 362 285 426 quis,
315 360 546 425 inquiunt,
586 359 677 405 tolli
706 358 786 404 sibi
812 359 867 405 ab
908 358 1030 404 hoste
1055 356 1214 420 aliquid
1243 358 1452 420 patiatur,
1478 360 1545 405 vel

170 433 382 478 Romanae
401 429 640 495 provinciae
661 429 1041 493 depraedatoribus
1069 445 1156 474 non
1179 428 1290 474 mala
1320 429 1420 474 velit
1444 430 1546 475 belli

165 505 264 562 jure
277 505 546 566 reponereP»
564 501 671 546 Haec
702 511 833 564 atque
857 498 1114 559 hujusmodi
1141 499 1273 543 verba
1296 499 1549 545 obtrectan-

173 573 301 630 tium,
326 573 413 619 sive
427 589 514 618 non
547 571 856 625 obtrectando,
884 570 957 616 sed
975 569 1211 633 quaerendo
1238 569 1334 615 talia
1364 570 1550 634 loquen-

175 643 304 700 tium,
325 643 547 707 operosius
566 642 742 688 fortasse
760 640 1014 695 refellerem,
1033 640 1112 685 nisi
1131 639 1201 685 hae
1221 640 1553 703 disceptationes

176 714 446 760 haberentur
480 730 579 760 cum
619 713 721 759 viris
744 712 981 758 liberaliter
1015 710 1238 757 institutis.
1281 710 1404 755 Unde
1444 711 1553 774 quid

177 801 291 849 opus
313 795 376 832 est
398 795 446 831 ut
466 784 631 831 diutius
662 784 929 838 laboremus,
958 799 1006 827 ac
1029 797 1117 826 non
1143 780 1258 843 ipsos
1283 783 1429 844 potius
1449 799 1554 845 per-

179 867 425 913 contemur,
465 855 687 920 quomodo
729 864 931 918 poterant
961 852 1200 913 gubernare
1238 863 1365 915 atquc
1405 870 1556 914 augere

180 926 523 991 rempublicam,
547 942 678 990 quam
708 941 755 970 cx
779 941 914 987 parva
938 933 978 969 et
1000 921 1120 985 inopi
1141 939 1341 981 magnam
1369 922 1557 986 opulen-

182 1009 358 1062 tamque
396 995 617 1052 fecerunt,¹
654 995 730 1059 qui
770 1005 947 1058 accepta
971 994 1130 1054 injuria
1167 992 1386 1053 ignoscere
1423 1009 1554 1057 quam

182 1067 382 1133 persequi
413 1066 637 1112 malebant
659 1065 710 1110 4?
754 1064 988 1122 Quomodo
1026 1063 1187 1110 Caesari
1223 1063 1559 1110 administratori

183 1139 335 1202 utique
351 1136 610 1201 reipublicae
634 1153 772 1182 mores
792 1139 882 1196 ejus
909 1134 1112 1181 extollens
1135 1133 1288 1179 Cicero
1325 1133 1498 1179 dicebat
1519 1135 1555 1190 2,

186 1208 307 1274 quod
342 1207 455 1254 nihil
476 1207 675 1253 oblivisci
712 1206 865 1252 soleret
888 1206 968 1252 nisi
988 1204 1199 1265 injurias?
1229 1204 1412 1250 Dicebat
1448 1205 1561 1250 enim

186 1279 274 1327 hoc
293 1290 381 1325 tam
402 1295 584 1339 magnus
607 1277 825 1335 laudator,
843 1287 916 1323 aut
936 1288 1023 1323 tam
1047 1292 1229 1335 magnus
1247 1274 1472 1321 adulator:
1490 1276 1563 1322 sed

188 1352 222 1398 si
245 1349 464 1407 laudator,
492 1349 620 1394 talem
648 1350 859 1395 Caesarem
887 1346 1143 1400 noverat;si
1169 1356 1309 1391 autem
1336 1345 1534 1392 adulator
1551 1384 1561 1404 ,

191 1420 320 1467 talem
339 1438 424 1466 esse
448 1419 605 1465 debere
616 1418 871 1465 ostendebat
893 1417 1138 1481 principem
1150 1416 1358 1472 civitatis,
1385 1417 1560 1479 qualem

187 1491 314 1538 illum
335 1489 546 1536 fallaciter
560 1488 850 1552 praedicabat.
878 1487 1000 1546 Quid
1021 1497 1082 1532 est
1103 1496 1245 1531 autem
1266 1503 1351 1531 non
1386 1486 1565 1534 reddere

194 1561 356 1608 malum
383 1577 463 1624 pro
484 1559 599 1605 malo
615 1596 626 1615 ,
653 1558 734 1604 nisi
753 1558 991 1604 abhorrere
1014 1557 1071 1603 ab
1096 1555 1333 1602 ulciscendi
1356 1556 1568 1605 libidine?

195 1630 315 1696 quod
331 1641 393 1677 est
416 1640 595 1694 accepta
629 1629 787 1689 injuria
804 1629 1025 1689 ignoscere
1045 1626 1170 1673 malle
1194 1643 1324 1689 quam
1349 1629 1565 1692 persequi,

195 1712 239 1749 et
257 1701 369 1748 nihil
384 1701 466 1747 nisi
485 1700 664 1760 injurias
689 1699 905 1746 oblivisci.

262 1774 317 1820 X.
343 1773 451 1819 Haec
469 1788 569 1818 cum
591 1770 635 1816 in
654 1787 802 1816 eorum
832 1769 1035 1831 leguntur
1059 1767 1327 1824 auctoribus,
1355 1768 1570 1817 exclama·-

200 1855 272 1891 tur
290 1854 331 1890 et
352 1842 605 1907 plauditur3
638 1841 826 1887 describi
848 1851 977 1905 atque
1000 1839 1231 1903 praedicari
1255 1856 1390 1885 mores
1414 1840 1568 1887 viden-

203 1927 290 1972 tur,
328 1915 490 1978 quibus
528 1913 708 1973 dignum
732 1922 836 1957 esset
874 1928 1074 1971 exurgere
1105 1908 1348 1966 civitatem,
1381 1927 1481 1974 quae
1509 1922 1572 1958 tot

202 1984 403 2047 gentibus
419 1984 668 2048 imperaret,
686 1982 806 2047 quod
823 1992 1001 2045 accepta
1023 1980 1184 2040 injuria
1202 1980 1418 2039 ignoscere
1442 1998 1575 2044 quam

203 2055 401 2121 persequi
443 2055 678 2101 malebant.
711 2054 825 2099 Cum
854 2070 953 2099 vero
985 2052 1141 2113 legitur
1166 2052 1448 2115 praecipiente
1470 2071 1578 2100 auc-

206 2128 380 2174 toritate
400 2126 549 2172 divina
565 2142 653 2170 non
679 2124 952 2170 reddendum
979 2123 1144 2169 malum
1167 2139 1246 2185 pro
1271 2123 1384 2168 malo
1410 2123 1442 2178 ³,
1476 2141 1578 2171 cum

206 2199 307 2245 haec
322 2209 409 2243 tam
425 2196 607 2242 salubris
623 2195 860 2241 admonitio
880 2193 1288 2254 congregationibus
1315 2194 1579 2256 populorum

210 2279 417 2332 tanquam
440 2267 630 2332 publicis
644 2267 868 2331 utriusque
891 2283 1010 2312 sexus
1033 2276 1161 2328 atque
1186 2265 1380 2309 omnium
1406 2276 1583 2312 aetatum

211 2351 253 2386 et
265 2340 528 2400 dignitatum
542 2337 703 2383 scholis
719 2337 771 2383 de
785 2337 1005 2400 superiore
1016 2336 1114 2381 loco
1128 2345 1344 2398 personat,
1356 2348 1587 2383 accusatur

191 2411 361 2472 ⁴religio
385 2422 594 2473 tanquam
627 2409 803 2454 inimica
844 2407 1115 2471 reipublicae.
1147 2407 1258 2462 Qua:
1285 2407 1316 2451 si
1340 2418 1386 2452 ut
1407 2407 1588 2468 dignum

214 2493 276 2530 est
302 2481 542 2536 audiretur,
568 2479 695 2540 longe
722 2479 873 2525 melius
902 2478 1109 2533 Romulo,
1140 2478 1300 2535 Numa,
1322 2478 1475 2534 Bruto,
1501 2497 1592 2526 cae-

216 2553 405 2617 terisque
426 2552 510 2598 illis
535 2552 746 2597 Romanae
765 2550 901 2611 gentis
927 2549 1149 2614 praeclaris
1174 2548 1274 2594 viris
1299 2550 1593 2607 constitueret,

267 2639 277 2662 ¹
300 2636 428 2670 Salustii
444 2636 571 2670 Catilin.
595 2655 633 2659 -
650 2634 665 2656 '²
684 2638 772 2668 Orat.
793 2646 851 2678 pro
869 2637 910 2676 Q.
937 2633 1067 2677 Ligario
1085 2650 1128 2656 -—
1148 2630 1162 2655 3
1185 2631 1285 2665 Manli
1322 2645 1380 2671 xii,
1401 2644 1450 2673 ¹7·
