1902 3268
633 310 842 342 ErisroLA
879 311 1008 341 cxxx.
1428 297 1521 353 [173

152 387 234 424 cet.
270 375 490 432 Quocirca
527 375 562 420 si
588 384 741 438 optant
771 375 852 421 sihi
886 393 935 421 ac
961 376 1046 422 suis
1068 376 1196 422 etiam
1221 376 1522 423 sufficientiam

153 462 296 492 rerum
312 445 664 501 necessariarum,
688 445 741 491 de
756 462 842 509 qua
864 446 925 492 sic
943 446 1398 510 Apostolusloquitur:
1419 448 1526 492 «Est

151 526 334 563 »autem
357 525 550 579 quaestus
581 532 763 576 magnus
786 517 922 579 pietas
958 534 1058 563 cum
1097 516 1366 564 sufficientia.
1401 516 1522 562 Nihil

151 608 174 632 ›>
191 587 306 633 enim
329 586 556 633 intulimus
574 586 619 632 in
635 587 755 633 hunc
780 587 1014 645 mundum,
1041 587 1114 634 sed
1140 605 1219 634 nec
1243 588 1406 634 auferre
1420 587 1526 633 hinc

151 678 172 701 ))
193 656 359 721 aliquid
379 672 610 720 possumus
628 673 638 702 :
666 656 831 703 victum
851 667 893 702 et
908 667 1205 717 tegumentum
1227 657 1438 703 habentes
1459 657 1528 703 his

156 749 177 770 »
195 727 386 774 contenti
407 727 553 774 simus.
585 727 695 772 Nam
713 727 791 790 qui
821 726 975 774 volunt
994 727 1150 773 divites
1172 727 1263 772 fieri
1285 764 1295 783 ,
1323 726 1526 772 incidunt

153 818 175 840 >2
191 797 236 843 in
268 797 549 843 tentationem
572 806 613 842 et
635 796 838 860 laqueum
867 807 910 842 et
939 796 1148 843 desideria
1171 796 1306 842 multa
1335 796 1465 842 stulta
1485 806 1528 841 et

155 889 175 910 »
194 868 338 924 noxia,
360 883 461 931 quae
484 877 686 927 mergunt
713 866 912 912 homines
935 867 979 912 in
1007 867 1230 913 interitum
1255 878 1295 912 et
1318 866 1526 930 perditio-

153 957 175 981 »
196 954 312 985 nem.
335 936 477 983 Radix
499 936 612 982 enim
631 936 826 982 omnium
845 936 1058 982 malorum
1082 947 1143 983 est
1165 937 1343 983 avaritia
1364 973 1373 992 ‚
1394 952 1526 999 quam

151 1027 175 1051 »
193 1006 374 1072 quidam
401 1016 653 1070 appetentes
687 1024 711 1052 a
744 1006 830 1052 fide
855 1016 1138 1063 erraverunt,
1179 1017 1220 1052 et
1253 1007 1524 1052 inseruerunt

152 1099 174 1121 »
194 1094 237 1124 se
277 1077 505 1123 doloribus
544 1075 735 1124 multis1.
764 1097 786 1119 r>
822 1077 950 1123 Hanc
982 1094 1082 1136 ergo
1106 1076 1405 1124 sufficientiam
1440 1092 1528 1121 non

149 1147 400 1194 indecenter
422 1147 520 1193 vult
540 1184 551 1204 ‚
571 1147 768 1211 quisquis
789 1147 902 1202 vult,
937 1164 1016 1193 nec
1041 1147 1228 1210 amplius
1251 1147 1347 1193 vult
1374 1163 1384 1191 τ
1414 1146 1527 1191 alio-

151 1218 258 1282 quin
283 1235 372 1264 non
400 1218 540 1281 ipsam
569 1218 698 1274 vult,
720 1228 762 1263 et
795 1218 893 1264 ideo
926 1235 1005 1264 nec
1035 1217 1235 1264 decenter
1259 1218 1369 1264 vult.
1401 1217 1526 1262 Hanc

150 1288 338 1353 optabat
376 1298 416 1334 et
434 1305 516 1352 pro
530 1288 614 1334 hac
632 1289 784 1334 orabat
801 1289 876 1351 qui
890 1288 1065 1334 dicebat
1085 1325 1096 1345 ‚
1118 1309 1139 1331 <‹
1154 1288 1337 1334 Divitias
1361 1298 1402 1333 et
1415 1303 1531 1350 pau-

150 1380 171 1401 >³
193 1369 406 1423 pertatem
435 1375 489 1404 ne
518 1358 688 1404 dederis
710 1358 822 1404 mihi
844 1376 855 1404 z
882 1359 1097 1405 constitue
1125 1369 1268 1404 autem
1292 1358 1405 1404 mihi
1427 1374 1527 1421 quae

150 1451 171 1472 ³>
192 1430 428 1476 necessaria
448 1439 549 1475 sunt
570 1428 848 1486 sufficienter,
882 1439 931 1475 ut
955 1447 1007 1474 ne
1032 1429 1211 1475 satiatus
1235 1429 1416 1474 mendax
1439 1427 1526 1474 effi-

149 1523 170 1544 »
188 1502 296 1558 ciar,
319 1512 361 1547 et
377 1500 542 1556 dicam,
565 1500 674 1557 Quis
693 1517 761 1546 me
779 1500 926 1547 videt?
947 1511 1021 1546 aut
1041 1517 1211 1564 pauper
1229 1499 1367 1546 factus
1379 1500 1523 1553 furer3

148 1591 169 1614 >2
193 1581 234 1617 et
261 1574 479 1635 perjurem
505 1586 666 1616 nomen
700 1570 780 1616 Dei
816 1571 899 1616 mei
917 1571 950 1618 2.
973 1592 993 1613 ›>
1033 1570 1162 1616 Vides
1185 1581 1298 1616 certe
1334 1580 1375 1616 et
1401 1570 1524 1616 istam

147 1641 450 1688 sufficientiam
473 1658 560 1686 non
588 1641 735 1704 appeti
766 1651 948 1704 propter
983 1658 1024 1687 se
1051 1641 1191 1704 ipsam
1211 1678 1221 1696 ‚
1251 1640 1322 1686 sed
1344 1651 1526 1704 propter

147 1711 329 1758 salutem
349 1710 547 1774 corporis
566 1746 576 1765 ,
605 1721 646 1756 et
675 1720 984 1770 congruentem
1007 1711 1212 1757 habitum
1230 1728 1424 1774 pcrsonae
1443 1711 1523 1756 ho·

147 1782 299 1839 minis,
329 1797 416 1845 quo
433 1780 593 1826 habitu
614 1797 703 1825 non
727 1780 782 1826 sit
798 1781 1105 1827 inconveniens
1128 1781 1208 1838 eis,
1236 1798 1338 1827 cum
1362 1781 1524 1844 quibus

148 1852 416 1915 honesteque
433 1850 709 1914 officioseque
729 1850 965 1897 vivendum
984 1862 1059 1898 est.

211 1922 423 1969 X111.1n
451 1920 521 1967 his
542 1920 690 1999 itaque
714 1922 918 1966 omnibus
949 1921 1223 1967 incolumitas
1251 1921 1442 1968 hominis
1482 1933 1523 1968 et

147 1991 337 2039 amicitia
374 2001 559 2055 propter
594 2008 636 2036 se
672 1991 766 2054 ipsa
802 2002 1098 2055 appetuntur3
1134 1991 1389 2038 sufficientia
1421 2010 1521 2038 vero

145 2079 291 2109 rerum
309 2062 645 2108 necessariarum
672 2079 761 2107 non
783 2073 966 2126 propter
987 2080 1029 2108 se
1052 2063 1222 2126 ipsam,
1243 2062 1315 2109 sed
1342 2074 1522 2127 propter

146 2132 235 2179 duo
267 2132 491 2195 superiom
510 2132 648 2195 quaeri
672 2132 805 2189 solet,
838 2150 938 2179 cum
965 2132 1167 2180 decenter
1188 2134 1414 2197 quaetitur.
1444 2136 1521 2180 In-

146 2202 373 2249 columitas
410 2218 543 2264 porro
580 2201 623 2246 in
649 2201 741 2264 ipsa
763 2169 852 2248 vita
879 2220 929 2248 ac
959 2203 1094 2248 salute
1129 2214 1256 2267 atque
1279 2204 1520 2264 integritate

147 2273 279 2320 animi
305 2282 348 2318 et
372 2271 569 2335 corporis
601 2273 834 2318 constituta
871 2283 947 2319 est.
986 2275 1181 2337 Itemque
1209 2273 1398 2320 amicitia
1430 2292 1519 2321 non

147 2343 337 2404 angustis
366 2343 532 2390 finibus
566 2343 838 2389 terminanda
872 2355 967 2390 est:
1002 2361 1148 2390 omnes
1182 2345 1298 2390 enim
1323 2382 1333 2399 ,
1357 2346 1520 2409 quibus

147 2431 268 2460 amor
298 2423 340 2459 et
370 2411 543 2458 dilectio
567 2412 769 2469 debetur,
792 2413 1071 2477 amplectitur
1092 2451 1101 2470 ,
1126 2414 1324 2478 quamvis
1344 2416 1389 2460 in
1414 2415 1520 2462 alios

145 2485 421 2550 propensius,
438 2483 485 2529 in
499 2483 604 2529 alios
617 2484 862 2546 suspensius
874 2484 1108 2531 inclinetur
1127 2503 1137 2531 ε
1159 2485 1355 2548 pervenit
1375 2496 1518 2532 autem

145 2571 280 2619 usque
303 2553 359 2600 ad
379 2553 597 2610 inimicos,
620 2570 701 2616 pro
725 2554 886 2617 quibus
909 2554 1036 2600 etiam
1062 2571 1182 2601 orare
1206 2556 1507 2619 praecipimur.

196 2639 206 2660 ¹
228 2650 240 2669 1
259 2637 344 2672 Tim.
365 2648 412 2680 vr,
428 2638 462 2680 6,
478 2642 509 2669 et
528 2636 605 2671 Job.
621 2648 644 2675 1,
667 2647 720 2669 21.
735 2636 915 2670 —2Pr0v.
934 2649 1014 2678 xxx,
1035 2639 1065 2668 8.
