1902 3268
627 333 838 363 izms'roLA
875 333 1004 361 cxxx.
1434 315 1527 370 [185

150 415 319 445 omnem
343 399 608 446 intellectum
633 437 643 452 ,
671 399 799 444 etiam
822 399 960 462 ipsam
984 399 1025 443 in
1057 398 1249 443 oratione
1274 397 1494 460 poscendo
1512 435 1522 445 .

148 469 256 532 quid
279 487 449 515 oremus
475 471 586 516 sicut
614 480 788 532 oportet
826 469 1053 514 nesciinus.
1093 468 1224 523 Quod
1259 468 1373 512 enim
1401 468 1526 512 sicuti

147 550 209 585 est
228 541 416 600 cogitare
441 558 525 586 non
550 556 804 603 possumus,
834 539 983 602 utique
1006 538 1247 591 neseimus3
1287 536 1355 582 sed
1394 536 1526 599 quid·

148 609 256 672 quid
287 610 492 669 cogitanti
534 610 799 665 occurrerit,
839 609 1096 668 abjicimus,
1139 607 1408 670 respuimus,
1437 608 1525 652 im—

148 680 508 742 probamus,non
530 681 616 726 hoe
630 697 713 725 esse
732 680 850 742 quod
873 679 1110 742 quaerimus
1123 679 1339 731 novimus,
1365 694 1524 739 quam-

147 749 211 795 vis
238 749 347 794 illud
372 750 564 795 nondum
594 750 718 813 quale
739 751 791 795 sit
812 749 1071 794 noverimus.

213 820 421 867 XXVIlI.
454 822 529 865 Est
558 837 657 879 ergo
685 821 727 864 in
752 819 877 864 nobis
908 818 1136 880 quaedam,
1175 827 1224 861 ut
1255 817 1314 861 ita
1346 816 1490 861 dicam
1509 854 1520 872 ,

147 888 279 936 docta
302 890 571 950 ignorantia,
600 890 669 935 sed
691 890 820 935 docta
843 889 1010 952 Spiritu
1035 889 1142 942 Dei,
1167 887 1436 950 quiadjuvat
1454 888 1524 932 in-

147 959 395 1004 firmitatem
432 970 640 1005 nostram.
673 960 782 1004 Nam
818 975 919 1004 cum
946 957 1118 1003 dixisset
1143 956 1405 1019 Apostolus:
1433 977 1452 997 (ι
1479 956 1523 1001 Si

148 1050 169 1070 ›>
189 1039 332 1074 autem
352 1029 471 1092 quod
495 1046 583 1074 non
602 1028 798 1074 videmus
818 1045 1061 1091 speramus,
1085 1044 1162 1090 per
1178 1027 1428 1089 patientiam
1449 1044 1524 1071 ex-

149 1117 169 1138 »
192 1109 440 1161 pectamus;
463 1099 527 1144 ibi
556 1100 741 1158 subjecit
765 1116 775 1143 z
805 1098 1012 1143 Similiter
1045 1108 1086 1142 et
1123 1097 1312 1160 Spiritus
1347 1096 1526 1155 adjuvat

148 1187 169 1208 ι)
193 1168 490 1214 infirmitatem
513 1179 720 1214 nostram.
753 1167 870 1224 Quid
891 1168 1004 1212 enim
1027 1184 1197 1212 oremus
1221 1168 1333 1211 sieut
1353 1176 1525 1229 oportet

149 1257 169 1278 »
193 1239 407 1284 nescimus
425 1257 436 1283 ε
463 1239 536 1285 sed
554 1240 645 1302 ipse
666 1238 856 1301 Spiritus
877 1237 1125 1300 interpellat
1148 1254 1228 1300 pro
1248 1237 1372 1281 nobis
1387 1237 1524 1296 gemi-

147 1328 168 1348 »
194 1308 691 1355 tibusinenarrabilibus
714 1327 724 1353 ε
753 1309 828 1371 qui
855 1319 994 1353 autem
1023 1319 1243 1353 scrutatur
1259 1307 1416 1362 corda,
1444 1307 1525 1352 scit

148 1399 169 1419 »
193 1379 299 1441 quid
323 1380 510 1442 Spiritus
530 1380 696 1441 sapiat,
720 1379 823 1441 quia
850 1378 1089 1424 secundum
1115 1379 1255 1423 Deum
1279 1377 1525 1440 interpellat

148 1467 169 1488 >v
192 1464 274 1509 pro
295 1447 509 1494 Sanctis1.
533 1471 551 1490 >)
568 1448 700 1504 Quod
721 1465 808 1492 non
827 1448 887 1492 sic
901 1458 962 1492 est
977 1447 1305 1506 intelligendum
1324 1483 1336 1502 ,
1359 1457 1406 1491 ut
1425 1447 1526 1491 exis-

147 1516 350 1562 timemus
375 1529 573 1563 sanctum
600 1517 815 1581 Spiritum
832 1517 938 1571 Dei,
961 1517 1037 1580 qui
1057 1517 1102 1562 in
1119 1516 1330 1561 'l'rinitate
1352 1516 1526 1561 incom—

148 1587 371 1633 mutabilis
398 1589 511 1634 Deus
537 1599 630 1643 est,
669 1600 710 1633 et
745 1605 847 1633 cum
881 1588 1009 1632 Patre
1034 1598 1076 1632 et
1119 1587 1224 1631 Filio
1247 1603 1356 1631 unus
1384 1588 1519 1640 Deus,

148 1668 355 1721 tanquam
384 1659 566 1722 aliquem
588 1659 665 1722 qui
698 1676 784 1703 non
803 1659 854 1702 sit
874 1658 990 1720 quod
1035 1659 1149 1703 Deus
1168 1668 1230 1702 est
1252 1656 1525 1719 interpellare

147 1745 229 1791 pro
247 1729 430 1775 Sanctis,
454 1729 628 1774 Dictum
652 1729 818 1792 quippe
842 1739 905 1773 est
932 1745 942 1772 :
971 1727 1258 1790 «Interpellat
1281 1743 1362 1788 pro
1384 1727 1524 1771 Sanc-

148 1821 169 1840 »
195 1799 247 1843 tis
263 1835 274 1854 ‚
297 1819 317 1840 »
343 1799 445 1862 quia
469 1799 744 1862 interpellare
769 1800 950 1843 Sanctos
970 1798 1099 1853 facit,
1120 1798 1230 1843 sicut
1249 1797 1521 1842 dictumest:

150 1891 170 1911 ))
196 1870 352 1914 Tentat
382 1886 456 1914 vos
492 1870 703 1914 Dominus
744 1870 852 1914 Deus
878 1880 1031 1923 vester,
1062 1879 1108 1913 ut
1131 1868 1238 1913 sciat
1269 1868 1303 1912 si
1336 1866 1525 1925 diligatis

150 1960 169 1980 »
192 1940 340 1994 eum2,
369 1960 389 1980 ι)
414 1939 499 1984 hoc
518 1950 642 1984 estut
664 1940 771 1984 seire
791 1956 864 1984 vos
886 1940 1034 1984 faciat.
1063 1937 1344 2000 Interpellare
1377 1938 1523 1998 itaque

148 2008 330 2054 Sanctos
366 2007 472 2054 facit
511 2009 744 2069 gemitibus
786 2008 1173 2063 inenarrabilibus,
1212 2008 1428 2069 inspirans
1465 2007 1523 2050 eis

147 2077 408 2124 desiderium
427 2079 553 2124 etiam
582 2078 727 2124 adhuc
763 2078 1000 2138 incognitae
1033 2089 1164 2123 tantae
1182 2079 1240 2122 rei
1261 2115 1271 2133 ,
1292 2094 1422 2140 quam
1444 2092 1523 2139 per

147 2148 402 2210 patientiam
419 2159 704 2210 expectamus.
733 2147 967 2205 Quomodo
981 2148 1094 2193 enim
1110 2158 1328 2200 narratur,
1346 2146 1524 2209 quando

148 2218 418 2263 desideratur
447 2219 567 2281 quod
590 2219 846 2278 ignoratur?
875 2219 985 2263 Nam
1019 2220 1168 2280 utique
1191 2218 1221 2262 si
1248 2219 1365 2262 omni
1392 2216 1523 2261 modo

146 2287 435 2347 ignoraretur,
463 2305 550 2334 non
579 2288 894 2334 desideraretur
920 2306 930 2332 z
954 2298 995 2333 et
1019 2305 1165 2333 rursus
1184 2324 1194 2343 ,
1219 2289 1252 2332 si
1282 2287 1518 2341 videretur,

148 2374 236 2402 non
263 2357 594 2413 desideraretur,
622 2375 701 2403 nec
724 2359 959 2417 gemitibus
982 2368 1266 2421 quaereretur.

214 2429 378 2474 XXlX.
421 2429 529 2474 Haec
564 2430 707 2474 omnia
734 2428 1009 2474 considerans
1027 2466 1036 2483 ,
1066 2439 1107 2473 et
1130 2429 1163 2473 si
1188 2427 1293 2491 quid
1332 2426 1448 2472 aliud
1472 2426 1525 2472 de

149 2497 234 2543 hac
268 2515 313 2543 re
349 2498 430 2543 tibi
459 2499 674 2543 Dominus
707 2499 1016 2555 insinuaverit,
1044 2498 1164 2561 quod
1202 2497 1265 2543 vel
1293 2497 1400 2542 mihi
1437 2515 1522 2542 non

148 2569 342 2614 occurrit
361 2606 370 2624 ,
392 2568 458 2615 vel
479 2569 566 2614 dici
588 2587 610 2614 a
628 2586 696 2614 me
714 2569 893 2629 longum
910 2569 994 2615 fuit
1012 2607 1023 2626 ,
1046 2579 1246 2615 concerta
1268 2568 1311 2613 in
1331 2568 1524 2613 oratione

201 2652 209 2673 ¹
227 2654 320 2685 Rom.
341 2664 407 2692 sun,
428 2655 484 2685 25.
504 2671 543 2677 -
558 2650 573 2673 ²
590 2655 685 2685 Deut.
708 2663 789 2689 xm,
810 2655 840 2684 3.
