1902 3268
347 323 440 378 364
771 338 805 367 5.
849 334 1094 368 mausum
1132 333 1337 364 Emscom

344 403 420 450 diu
443 404 601 466 linguis
618 402 824 450 humanis
847 402 1019 448 ruinosa
1039 400 1196 461 gaudia
1216 398 1455 456 construis,
1492 410 1613 463 potes
1635 417 1728 447 eam

351 474 508 537 videre.

387 540 485 592 ⁴VI.
512 544 557 590 Si
574 555 713 590 autem
740 542 802 589 ibi
821 560 908 588 non
938 542 1034 588 finis
1054 552 1116 588 est
1139 541 1295 587 harum
1333 542 1573 598 actionum,
1601 553 1730 606 atque

344 614 595 661 intentionis
639 625 744 668 tuae,
793 613 867 659 sed
910 623 1092 677 propter
1133 612 1249 657 aliud
1279 611 1444 675 aliquid
1466 613 1666 658 indoctus
1689 623 1731 659 et

344 685 476 731 hebes
500 702 588 730 non
623 685 686 731 vis
721 683 892 748 putari3
918 700 1070 746 qusero
1091 682 1194 745 quid
1229 680 1336 726 illud
1364 683 1446 727 sit?
1475 683 1518 728 Si
1545 693 1729 746 propte-

344 772 413 800 rea
441 773 493 801 ne
529 756 750 816 angustior
776 755 854 800 tibi
897 754 1038 799 aditus
1081 753 1133 798 ad
1162 751 1447 815 acquirendas
1475 753 1730 816 temporales

343 825 543 879 divitias,
583 842 756 871 uxorem
798 823 1147 887 impetrandam,
1193 823 1377 869 honores
1415 823 1728 886 capessendos,

342 905 383 940 et
422 906 578 941 caetera
618 895 897 955 hujusmodi,
948 894 1167 957 praecipiti
1209 893 1325 938 fluxu
1368 893 1724 948 transcurrentia,

345 975 474 1028 atque
496 965 539 1010 in
571 983 611 1010 50
639 965 786 1028 lapsos
820 965 862 1010 in
902 967 1036 1010 imum
1076 963 1285 1026 rapientia
1316 981 1325 1007 :
1362 980 1498 1026 neque
1529 963 1582 1008 1111
1608 963 1729 1008 hunc

344 1035 475 1080 finem
504 1035 583 1081 tibi
609 1036 765 1081 servire
808 1051 882 1080 1105
910 1034 1057 1090 decet,
1093 1036 1180 1079 imo
1224 1034 1346 1079 decet
1371 1034 1499 1079 ctiam
1542 1033 1649 1079 111110
1695 1043 1733 1078 10

346 1122 560 1153 amovere.
591 1106 689 1151 Non
714 1106 827 1151 enim
853 1105 913 1151 510
936 1116 976 1149 10
1018 1104 1303 1167 prohibemus
1340 1104 1382 1149 111
1414 1104 1578 1149 11100110
1602 1102 1732 1149 famae

347 1176 476 1221 finem
503 1193 688 1240 ponere,
715 1186 762 1222 ut
790 1187 996 1238 tanquam
1020 1174 1072 1220 110
1106 1174 1265 1219 'Mincio
1289 1175 1331 1218 in
1360 1174 1595 1219 Eridanum
1620 1173 1731 1219 emi-

346 1263 463 1305 gres3
484 1263 571 1310 quo
595 1257 635 1293 te
658 1247 749 1310 ipse
768 1246 946 1292 fortasse
970 1244 1157 1290 Mincius
1182 1244 1308 1290 etiam
1336 1261 1421 1289 11011
1453 1245 1733 1304 emigrantem

346 1316 618 1380 impingeret.
656 1319 768 1363 Cum
790 1317 903 1363 enim
941 1333 1027 1362 non
1062 1315 1283 1361 satiaverit
1318 1314 1494 1361 avidum
1531 1315 1734 1379 spiritum

346 1387 512 1432 vanitas
534 1386 676 1433 laudis
696 1387 923 1443 humanae,
956 1386 1060 1451 quia
1090 1385 1201 1431 nihil
1243 1384 1298 1430 ad
1319 1384 1559 1431 cibandum
1593 1386 1731 1441 affert,

347 1456 427 1501 nisi
453 1457 578 1502 inane
599 1467 640 1502 et
663 1457 892 1510 inflatum3
931 1456 1047 1516 cogit
1090 1473 1180 1501 cam
1225 1456 1319 1519 ipsa
1361 1455 1542 1502 aviditas
1577 1458 1734 1501 referre

347 1527 391 1571 in
438 1526 581 1582 aliud,
625 1527 749 1590 quasi
782 1527 958 1573 uberius
997 1536 1124 1590 atque
1165 1525 1470 1572 fructuosius:
1509 1526 1628 1590 quod
1663 1526 1734 1571 ni-

352 1595 589 1642 hilominus
623 1598 655 1642 51
681 1597 911 1660 temporali
938 1597 1064 1660 lapsu
1091 1597 1368 1659 przetcrssuit,
1417 1597 1476 1642 ita
1512 1608 1572 1643 est
1613 1596 1735 1660 quasi

348 1666 509 1712 fluvius
545 1667 680 1712 ducat
717 1667 762 1712 in
789 1667 973 1713 fluvium
997 1704 1007 1722 ‚
1055 1678 1101 1712 ut
1149 1685 1233 1712 non
1282 1668 1335 1712 sit
1371 1667 1468 1712 finis
1512 1667 1695 1714 miseriae
1718 1703 1729 1723 ,

347 1736 545 1800 quandiu
573 1737 670 1783 finis
689 1738 931 1784 officiorum
957 1748 1202 1783 nostrorum
1231 1738 1274 1782 in
1307 1755 1351 1782 10
1384 1738 1577 1783 instabili
1596 1737 1736 1783 collo-

346 1817 484 1854 catur.
517 1808 564 1852 111
592 1807 738 1871 aliquo
775 1808 909 1868 igitur
939 1809 1065 1853 firmo
1086 1818 1214 1872 atque
1232 1808 1586 1854 incommutabili
1612 1808 1733 1854 bono

347 1886 388 1922 10
416 1878 543 1938 figere
586 1878 788 1924 volumus
839 1880 1199 1924 constantissimae
1231 1878 1480 1923 intentionis
1519 1877 1699 1924 domum
1720 1915 1733 1934 ‚

347 1960 389 1992 et
429 1948 742 1994 securissimam
781 1949 972 2012 requiem
1011 1949 1152 1994 omnis
1197 1949 1326 1993 bonae
1369 1958 1498 2011 atque
1540 1948 1737 1994 honestae

346 2017 528 2063 actionis
555 2028 654 2065 tuae.
692 2021 756 2064 An
783 2020 892 2064 forte
916 2020 1040 2064 istam
1056 2019 1194 2081 ipsam
1220 2029 1429 2063 terrenam
1452 2018 1703 2064 felicitatem
1721 2055 1733 2075 ,

347 2105 479 2153 quam
505 2090 862 2144 commemoravi,
887 2091 917 2134 si
935 2089 1133 2153 prosperi
1159 2089 1341 2134 rumoris
1357 2106 1474 2147 aura,
1507 2101 1580 2135 aut
1607 2090 1737 2136 etiam

349 2159 528 2205 flatibus
571 2159 636 2204 vcl
672 2178 692 2205 a
732 2160 965 2223 pandendo
1008 2158 1061 2204 ad
1109 2176 1201 2204 eam
1240 2159 1432 2222 potueris
1475 2160 1733 2223 pervenire,

347 2230 464 2276 hanc
487 2231 613 2277 etiam
639 2232 801 2291 cogitas
835 2231 990 2277 referre
1011 2232 1055 2276 in
1077 2230 1195 2276 aliud
1235 2240 1419 2287 certum,
1445 2242 1486 2276 01
1510 2247 1660 2277 verum
1696 2241 1738 2277 et

348 2301 532 2366 plenum
560 2301 757 2349 bonum?
780 2306 834 2348 At
850 2301 957 2347 mihi
979 2318 1065 2347 non
1087 2300 1273 2356 videtur,
1293 2311 1422 2365 atque
1441 2302 1619 2348 omnino
1644 2302 1739 2365 ipsa

350 2372 507 2417 veritas
552 2383 704 2432 negat,
739 2372 808 2418 vel
845 2371 978 2418 tantis
1019 2371 1073 2417 ad
1107 2388 1148 2417 se
1182 2371 1478 2426 anfractibus,
1506 2389 1606 2435 quae
1650 2383 1737 2418 tam

350 2443 547 2507 proxima
565 2453 645 2501 est,
675 2443 739 2490 vel
768 2443 896 2490 tantis
915 2443 1183 2507 sumptibus,
1212 2459 1311 2507 quai
1336 2453 1420 2489 tam
1445 2445 1633 2503 gratuita
1652 2454 1732 2499 est,

346 2514 585 2577 perveniri.

415 2586 512 2632 Vll.
557 2587 620 2631 An
664 2587 755 2651 ipsa
784 2588 975 2634 humana
1008 2586 1160 2641 laude,
1205 2599 1411 2651 tauquam
1446 2587 1735 2633 instrumento

353 2655 564 2703 utendum
604 2657 819 2705 existimas
839 2695 850 2714 ‚
895 2668 940 2704 ut
969 2658 1135 2706 aditum
1165 2675 1243 2722 per
1278 2659 1392 2704 hanc
1430 2675 1651 2723 praepares
1682 2658 1735 2705 ad
