1902 3268
649 286 857 318 EPISTOLA
895 286 983 319 c1v.
1411 273 1504 335 ‘²8⁴3

138 353 271 419 culpa
293 350 347 401 sit
370 359 539 400 tantum
573 353 763 410 habere,
800 371 854 399 an
892 361 1073 416 propter
1106 351 1206 397 alias
1231 353 1503 412 gravissimas

139 425 314 490 culpas,
340 437 390 472 ut
419 436 590 473 tantum
623 424 721 489 quis
758 424 922 470 habeat
953 423 1227 487 permittere;
1251 423 1371 487 quod
1404 436 1508 471 tunc

132 497 225 556 jam
255 495 339 543 fuit
357 507 589 562 peccatum
609 533 620 553 ,
647 512 766 542 nunc
783 496 986 542 volumus
1002 496 1057 542 sit
1079 494 1230 541 saltem
1247 512 1382 559 poena
1405 513 1513 560 pec-

139 565 240 614 cati.
272 566 358 614 Sed
371 578 432 614 est
444 567 566 632 quod
585 567 677 613 fieri
695 568 847 631 possit,
873 578 917 613 et
936 567 1116 625 debeat3
1141 576 1190 612 ut
1212 582 1292 612 nec
1309 581 1445 630 usque
1461 567 1517 613 ad

138 635 222 683 ista
255 639 563 702 progrediatur
588 639 790 686 severitas
806 676 817 694 ‚
844 655 925 686 nec
957 638 1086 684 nimis
1111 653 1260 683 secura
1285 636 1457 684 laetetur
1480 649 1522 684 et

140 705 442 757 debacchetur
460 711 716 774 impunitas,
740 720 781 756 et
806 710 1062 756 imitationis
1079 707 1324 772 exemplum
1347 707 1400 754 ad
1419 726 1521 769 gra-

140 777 336 826 vissimas
364 791 407 827 et
425 781 742 828 occultissimas
765 780 930 844 poenas
953 779 1203 826 infelicibus
1225 789 1516 842 proponatur.

144 846 307 896 Saltem
325 851 543 909 concede,
568 862 617 898 ut
643 851 830 897 nimium
855 849 1087 915 superfluis
1108 849 1193 895 suis
1212 849 1414 905 timeant,
1449 849 1528 914 qui

142 921 382 968 necessaria
406 933 554 969 nostra
574 920 806 968 incendere
829 939 880 968 ac
900 933 1070 968 vastare
1094 919 1348 969 moliuntur.
1379 920 1530 966 Liceat

144 999 187 1036 et
205 990 294 1038 hoc
316 992 584 1039 beneficium
606 992 796 1039 tribuere
819 993 1008 1039 inimicis
1031 992 1187 1039 nostris
1201 1029 1213 1049 ,
1242 1003 1292 1038 ut
1308 990 1414 1037 dum
1439 1008 1534 1037 me·-

143 1069 275 1107 tuunt
305 1063 460 1121 rebus,
482 1080 590 1128 quas
614 1064 792 1110 noxium
824 1082 914 1111 non
936 1075 1000 1110 est
1042 1063 1263 1118 amittere,
1297 1061 1418 1126 quod
1453 1061 1537 1107 sibi

144 1133 323 1180 noxium
347 1145 410 1181 est
427 1173 439 1192 ‚
469 1127 559 1181 noxi
590 1146 803 1182 conentur
828 1135 1072 1182 admittere.
1113 1135 1265 1196 Neque
1297 1131 1412 1177 enim
1437 1131 1537 1178 haec

147 1200 335 1250 dicenda
352 1217 414 1251 est
444 1205 640 1253 vindicta
664 1207 861 1269 peccati,
884 1206 957 1252 sed
982 1205 1116 1252 tutela
1140 1202 1338 1250 consilii:
1366 1220 1454 1248 non
1474 1212 1537 1248 est

147 1270 236 1319 hoc
274 1273 467 1335 irrogare
499 1276 796 1341 supplicium,
825 1277 899 1324 sed
936 1277 991 1323 ab
1028 1274 1283 1340 excipiendo
1317 1272 1536 1338 supplicio

150 1359 442 1394 communire.

215 1414 317 1464 Vll.
353 1417 550 1482 Quisque
573 1419 899 1484 imprudentem
931 1435 1035 1466 cum
1067 1417 1212 1482 aliquo
1235 1432 1362 1463 sensu
1380 1415 1542 1462 doloris

150 1484 322 1549 privat,
341 1505 395 1534 ne
411 1490 694 1553 supervacuis
716 1491 951 1538 sceleribus
971 1488 1231 1536 assuefactus
1254 1504 1408 1552 poenas
1426 1497 1543 1532 atro-

152 1557 346 1605 cissimas
384 1561 578 1625 pendat3
607 1580 746 1627 puero
782 1563 966 1628 capillos
993 1562 1142 1616 vellit,
1178 1578 1231 1606 ne
1267 1558 1542 1623 serpentibus

151 1626 372 1691 plaudat3
405 1643 534 1696 atque
569 1634 658 1692 ita,
702 1634 781 1681 ubi
820 1634 999 1681 molesta
1039 1631 1215 1678 dilectio
1250 1642 1335 1687 est,
1370 1629 1544 1676 nullum

153 1700 404 1748 membrum
438 1703 637 1761 laeditur,
677 1706 796 1752 unde
830 1717 977 1751 autem
1010 1703 1222 1758 deterret,
1253 1701 1366 1747 salus
1389 1710 1431 1745 et
1454 1699 1544 1744 vita

155 1769 443 1833 periclitatur.
473 1773 574 1819 Non
606 1785 713 1821 tunc
744 1775 935 1821 benefici
969 1790 1138 1829 sumus,
1162 1789 1265 1819 cum
1292 1770 1338 1816 id
1369 1768 1491 1834 quod
1517 1786 1542 1813 a

154 1841 284 1887 nobis
306 1842 488 1905 petitur,
514 1843 699 1891 facimus
719 1882 730 1901 ,
770 1845 844 1891 sed
874 1862 976 1891 cum
1000 1845 1046 1890 id
1067 1844 1253 1890 facimus
1271 1881 1281 1900 ‚
1310 1841 1431 1906 quod
1455 1857 1543 1886 non

158 1910 554 1976 obsitpetentibus.
578 1915 691 1960 Nam
711 1915 921 1979 pleraque
945 1933 1033 1961 non
1053 1915 1200 1961 dando
1219 1928 1475 1978 prosumus,
1503 1921 1546 1956 et

159 1999 413 2029 noceremus
428 2021 439 2040 ,
463 1984 498 2029 si
520 1983 801 2033 dedissemus,
830 1985 955 2032 [nde
973 1985 1082 2031 illud
1113 1985 1398 2049 proverbium
1421 2000 1432 2028 :
1456 1982 1546 2028 Nec

159 2069 298 2117 puero
313 2054 523 2114 gladium.
552 2076 573 2097 <c
593 2057 662 2102 Tu
683 2074 785 2103 vero
802 2094 813 2113 ,
841 2057 988 2121 inquit
1005 2056 1176 2103 Tullius
1191 2093 1202 2113 ,
1226 2073 1280 2102 ne
1301 2055 1430 2101 unico
1451 2052 1548 2117 qui-

162 2123 262 2170 dem
279 2125 386 2172 filio.
415 2146 436 2167 >2
461 2125 564 2182 Quo
586 2126 704 2172 enim
727 2144 993 2192 quemquam
1021 2128 1203 2174 maxime
1224 2127 1445 2187 diligimus
1461 2161 1471 2181 ,
1497 2128 1548 2169 eo

161 2193 307 2240 minus
323 2194 362 2240 ei
391 2194 602 2241 debemus
618 2234 627 2251 ,
662 2196 708 2242 in
732 2198 897 2261 quibus
919 2216 1076 2259 magno
1096 2197 1294 2263 periculo
1313 2205 1540 2261 peccatur,

164 2264 452 2313 committere.
494 2267 550 2310 Et
571 2265 624 2311 de
647 2266 833 2325 divitiis,
867 2269 912 2314 ni
942 2269 1086 2326 fallor,
1125 2286 1227 2315 cum
1249 2268 1349 2314 haec
1374 2276 1543 2327 ageret,

164 2333 443 2398 loquebatur.
473 2337 664 2384 Proinde
681 2356 783 2402 quae
800 2341 1042 2403 periculose
1062 2340 1172 2386 male
1187 2339 1412 2386 utentibus
1426 2354 1545 2383 com-

165 2404 422 2462 mittuntur,
446 2407 814 2455 salubriteretiani
838 2411 1099 2477 plerumque
1122 2410 1431 2457 detrahuntur.
1452 2411 1549 2453 Me-

168 2473 259 2520 dici
277 2491 376 2522 cum
390 2475 539 2523 vident
553 2480 1095 2544 secandamurendamque
1115 2480 1417 2546 putredinem,
1438 2496 1554 2543 saepe

170 2544 375 2594 adversus
394 2548 779 2615 multaslacrymas
798 2553 1132 2600 misericorditer
1150 2552 1481 2600 obsurdescunt.
1509 2552 1555 2596 Si

170 2617 340 2679 quoties
357 2621 559 2683 parvuli,
585 2621 653 2670 vel
672 2623 800 2670 etiam
819 2623 1119 2684 grandiusculi
1137 2624 1307 2673 veniam
1325 2632 1558 2687 peccantes

334 2704 476 2740 cxtvi.
1376 2710 1430 2754 19
