1902 3268
373 287 463 341 4:52
795 301 829 330 s.
873 298 1117 330 Accus‘rnvi
1154 299 1358 330 misc-or]

377 377 470 411 tum
491 375 532 411 et
552 363 760 422 redditor,
801 364 902 427 quia
928 364 1120 428 idipsum
1148 374 1239 410 erat
1262 363 1460 410 debitum
1480 373 1522 409 et
1559 361 1748 411 debitor.

378 437 468 482 Deo
495 452 682 498 natuque
705 452 747 480 se
767 435 908 496 ipsum
933 434 1063 480 debet
1087 434 1239 489 homo,
1279 433 1403 498 eique
1427 433 1674 480 reddendus
1696 444 1757 480 est

378 517 425 554 ut
452 507 602 551 beatus
622 506 691 561 sit,
708 523 730 550 a
750 520 837 567 quo
866 504 1036 567 accepit
1068 504 1193 550 utsit.
1222 504 1316 549 Hoc
1335 505 1550 564 significat
1572 504 1691 569 quod
1711 505 1756 551 in

379 575 615 636 Evangelio
639 576 849 621 Dominus
877 576 933 621 ait
964 593 973 620 :
996 574 1223 621 «Reddite
1250 575 1411 620 Caesari
1438 592 1539 638 quae
1578 577 1759 622 Caesaris

377 670 396 690 »
419 658 538 703 sunt,
565 657 606 692 et
620 648 707 692 Deo
733 662 831 710 quae
853 647 930 692 Dei
951 658 1050 692 sunt
1066 646 1098 692 1.
1126 668 1144 687 κ
1165 646 1261 691 Hoc
1273 645 1386 691 enim
1411 645 1536 702 dixit,
1555 662 1657 692 cum
1676 647 1759 693 sibi

375 719 671 765 demonstrato
705 735 885 764 nummo
904 755 914 773 ‚
944 728 985 764 ct
1010 719 1194 782 quaesito
1231 720 1357 777 cujus
1387 717 1571 763 haberet
1604 717 1762 779 imagi-

376 807 474 836 nem
494 827 505 846 ,
550 806 805 853 responsum
830 800 960 845 esset,
989 789 1172 835 Caesaris
1200 805 1210 832 :
1241 798 1290 833 ut
1310 787 1417 833 hinc
1452 787 1757 849 intelligerent,

374 860 496 924 quod
513 861 628 906 Deus
648 860 830 920 exigeret
852 860 908 905 ab
924 859 1101 905 homine
1124 856 1356 919 imaginem
1375 874 1498 903 suam
1518 857 1564 903 in
1583 858 1763 905 homine

375 931 489 994 ipso,
523 930 635 976 sicut
673 930 820 976 Caesar
861 947 983 976 suam
1023 930 1216 991 exigebat
1252 929 1297 974 in
1336 945 1529 975 nummo.
1584 928 1763 987 Quanto

375 1002 512 1063 magis
537 1018 639 1061 ergo
662 1000 885 1048 reddenda
907 1013 969 1048 est
985 1018 1085 1048 cum
1113 999 1404 1066 promittitur,
1430 999 1503 1046 cui
1521 1000 1650 1047 etiam
1673 1018 1762 1047 non

377 1072 589 1138 promissa
607 1071 818 1118 debetur?

444 1143 544 1189 VII.
568 1142 870 1206 Quapropter,
895 1142 1164 1196 charissime,
1191 1160 1358 1206 possem
1381 1146 1556 1209 quidem
1570 1160 1652 1207 pro
1672 1159 1766 1188 mea

378 1212 784 1278 quantulacumque
812 1213 1086 1268 facultatula,
1108 1214 1245 1260 sancti
1261 1216 1493 1279 propositi,
1525 1213 1645 1280 quod
1670 1213 1762 1258 Deo

373 1286 538 1332 vovisse
557 1299 633 1329 vos
666 1283 886 1347 comperi,
919 1284 1096 1330 uberius
1127 1283 1307 1331 laudare
1336 1286 1552 1343 fructum,
1596 1301 1646 1330 ac
1683 1283 1764 1329 de-

378 1365 619 1402 monstrare
638 1354 747 1418 quid
774 1355 903 1401 distet
920 1355 1033 1401 inter
1057 1355 1328 1403 Christianos
1354 1357 1588 1404 dilectores
1611 1353 1766 1402 mundi

377 1427 526 1486 hujus,
555 1436 596 1471 et
620 1436 958 1489 contemptores,
982 1426 1183 1490 quamvis
1221 1427 1370 1474 fideles
1394 1429 1568 1493 utrique
1611 1425 1768 1473 dican-

379 1502 463 1544 tur.
506 1496 673 1543 Eodem
711 1498 886 1561 utrique
925 1497 1101 1545 lavacro
1141 1497 1250 1544 sacri
1290 1497 1421 1545 fontis
1465 1498 1604 1546 abluti
1634 1506 1736 1543 sunt
1753 1532 1764 1552 ‚

378 1567 537 1614 eisdem
564 1567 726 1613 imbuti
759 1567 1084 1633 consecratique
1118 1568 1358 1631 mysteriis,
1386 1570 1558 1633 utrique
1576 1566 1769 1628 ejusdem

378 1637 601 1698 Evangelii
622 1654 710 1683 non
731 1637 947 1683 auditores
984 1649 1173 1694 tantum,
1202 1639 1485 1686 verumetiam
1502 1637 1769 1703 praedicato-

379 1726 477 1756 res:
499 1725 578 1754 nec
602 1708 775 1772 utrique
817 1719 962 1755 tamen
1003 1709 1122 1770 regni
1158 1709 1236 1756 Dei
1264 1709 1462 1775 lucisque
1498 1707 1737 1774 participes
1756 1744 1767 1764 ,

382 1792 424 1828 et
445 1780 547 1827 vitae
570 1789 763 1837 aeternae,
785 1796 886 1844 quae
909 1779 998 1826 sola
1019 1780 1235 1837 estbeata‚
1259 1781 1523 1828 cohaeredes.
1556 1778 1769 1826 Dominus

383 1851 499 1898 enim
520 1854 640 1896 Jesus
678 1867 767 1896 non
792 1850 848 1896 ab
866 1851 925 1896 eis
944 1851 1021 1915 qui
1047 1868 1136 1898 non
1160 1851 1364 1907 audiunt,
1389 1851 1463 1898 sed
1483 1868 1554 1898 eos
1584 1850 1697 1897 inter
1731 1864 1773 1894 se

386 1922 604 1969 auditores
630 1921 865 1967 verborum
892 1938 1087 1979 suorum,
1120 1922 1328 1968 latissimo
1345 1921 1501 1979 limite,
1538 1938 1626 1967 non
1651 1917 1772 1965 tenui

386 1992 666 2039 distinctione
703 1991 921 2038 discrevit.
954 2013 973 2032 a
1001 1992 1091 2050 Qui
1128 1992 1282 2049 audit,
1312 1991 1474 2056 inquit,
1514 1991 1648 2039 verba
1678 2006 1773 2035 mea

387 2086 409 2107 »
426 2063 544 2118 haec,
569 2072 610 2107 et
631 2060 736 2107 facit
758 2078 824 2118 ea,
853 2061 1054 2107 similabo
1078 2079 1177 2108 eum
1203 2061 1295 2109 viro
1317 2061 1544 2125 prudenti,
1563 2060 1640 2124 qui
1660 2058 1773 2105 aedi-

389 2157 410 2178 1>
434 2133 583 2180 ficavit
606 2132 787 2178 domum
810 2149 932 2178 suam
954 2149 1086 2196 supra
1104 2143 1273 2196 petram
1293 2149 1304 2177 ε
1342 2130 1566 2178 descendit
1596 2129 1773 2194 pluvia,

394 2228 415 2249 ³>
434 2214 645 2250 venerunt
666 2203 864 2259 flumina,
884 2203 1099 2250 flaverunt
1115 2203 1253 2259 venti,
1282 2213 1323 2248 et
1340 2202 1616 2266 impegerunt
1632 2201 1678 2247 in
1696 2199 1775 2245 do-

395 2298 416 2320 »
437 2291 559 2321 mum
586 2273 723 2330 illam,
744 2284 786 2320 et
817 2291 905 2320 non
929 2274 1089 2320 cecidit
1113 2292 1122 2319 :
1149 2272 1333 2320 fundata
1371 2272 1487 2318 enim
1524 2282 1614 2318 erat
1642 2288 1775 2334 supra

395 2368 416 2390 »
437 2357 620 2410 petram.
652 2345 739 2402 Qui
762 2355 904 2390 autem
928 2344 1050 2391 audit
1073 2345 1206 2391 verba
1228 2361 1322 2390 mea
1351 2343 1468 2399 haec,
1494 2353 1537 2388 et
1559 2359 1650 2387 non
1663 2340 1775 2387 facit

397 2439 418 2459 »
436 2435 502 2473 ea,
534 2415 735 2462 similabo
764 2432 862 2461 eum
899 2415 992 2462 viro
1027 2415 1190 2470 stulto,
1219 2415 1296 2477 qui
1328 2412 1566 2459 aedificavit
1593 2413 1774 2458 domum

396 2510 418 2531 »
437 2505 557 2535 suam
576 2504 706 2551 super
730 2503 935 2532 arenam:
977 2485 1201 2533 descendit
1232 2484 1400 2549 pluvia,
1437 2493 1650 2531 venerunt
1684 2483 1775 2529 flu-

397 2583 417 2603 »
438 2559 555 2606 mina
571 2595 581 2615 ,
605 2558 818 2604 flaverunt
834 2557 969 2615 venti,
996 2567 1038 2605 et
1062 2558 1334 2622 impegerunt
1367 2555 1411 2602 in
1430 2554 1613 2601 domum
1632 2553 1769 2610 illam,

446 2645 455 2667 ¹
475 2642 594 2675 Matth.
616 2653 698 2685 xxii,
720 2652 775 2672 21·
