1902 3268
690 282 903 314 EPISTOLA
940 282 1029 313 LXI.
1500 274 1549 317 13

171 351 227 398 ad
246 361 287 397 te
302 350 380 397 dat
406 347 588 414 epistola
608 347 847 412 exprimere
871 366 881 393 :
912 357 960 393 ut
996 349 1029 393 si
1055 348 1154 411 quis
1180 348 1336 394 dehac
1361 367 1405 395 re
1421 361 1461 397 te
1481 352 1551 397 in-

173 422 470 483 terrogaverit,
488 421 618 467 etiam
639 436 771 466 manu
798 436 894 465 mea
913 418 1083 483 prolata
1100 418 1209 483 quid
1231 418 1284 465 de
1304 420 1390 466 hac
1405 438 1449 466 re
1464 439 1555 467 sen-

174 494 330 540 tiamus
351 492 420 541 vel
449 491 677 558 faciamus,
709 489 925 537 ostendas.
956 489 1074 536 Scias
1093 507 1194 550 ergo
1217 507 1294 535 nos
1313 508 1399 536 non
1427 492 1472 536 in
1497 493 1555 537 eis

172 563 391 620 detestari,
411 563 494 609 nisi
517 561 825 608 dissensionem
851 561 1066 624 ipsorum,
1091 578 1313 624 perquam
1340 561 1553 607 schisma-

173 633 248 680 tici
273 633 342 682 vel
358 631 556 679 haeretici
575 631 677 677 facti
697 642 813 687 sunt,
839 631 943 694 quia
969 629 1175 676 Ecclesiae
1203 631 1437 677 catholicae
1461 634 1556 678 uni-

175 716 306 752 tatem
348 715 391 751 et
415 704 640 752 veritatem
664 719 752 748 non
789 712 953 755 tenent,
990 703 1036 747 in
1059 718 1108 746 eo
1133 701 1254 764 quod
1279 720 1430 765 pacem
1455 721 1556 749 cum

173 775 341 840 populo
378 774 458 821 Dei
482 790 571 820 non
600 773 784 829 habent,
819 772 896 836 qui
919 781 1008 818 toto
1029 782 1238 817 terrarum
1260 773 1366 817 orbe
1390 773 1556 819 diffun-

174 845 313 903 ditur,
331 856 373 892 et
388 846 434 891 in
447 862 497 891 eo
516 842 639 908 quod
659 843 705 888 in
724 842 981 888 hominibus
999 841 1271 905 baptismum
1290 842 1455 889 Christi
1469 860 1555 889 non

175 925 429 977 agnoscunt.
448 913 757 977 Improbamus
771 929 871 973 ergo
886 912 1049 958 malum
1067 929 1268 969 errorem,
1288 929 1416 976 quem
1429 931 1555 959 suum

174 986 364 1040 habent3
392 986 562 1032 bonum
588 995 732 1030 autem
751 1000 908 1029 nomen
921 983 1040 1048 quod
1057 983 1334 1040 Deihabent,
1359 995 1400 1031 et
1420 1002 1558 1031 sacra-

175 1067 372 1104 mentum
406 1060 498 1118 ejus
522 1055 794 1117 agnoscimus
818 1055 863 1102 in
889 1055 970 1108 eis,
1009 1065 1050 1101 et
1074 1072 1357 1112 veneramur,
1388 1067 1429 1101 et
1463 1074 1560 1101 am-

175 1127 428 1192 plectimur.
468 1127 555 1174 Sed
588 1137 822 1191 propterea
864 1125 1060 1172 dolemus
1082 1137 1270 1172 errantes
1292 1164 1303 1184 ,
1331 1137 1371 1172 et
1395 1144 1464 1172 eos
1486 1144 1563 1190 per

177 1197 439 1245 charitatem
463 1196 805 1245 Christilucrari
833 1199 926 1242 Deo
954 1196 1174 1260 cupimus,
1207 1208 1256 1242 ut
1278 1207 1472 1243 sanctum
1489 1215 1561 1242 sa-

178 1280 468 1326 cramentum,
484 1268 605 1333 quod
622 1268 726 1315 foris
752 1268 809 1313 ab
833 1267 1026 1313 Ecclesia
1049 1267 1216 1313 habent
1233 1267 1286 1313 ad
1301 1268 1556 1331 perniciem,

177 1339 225 1385 in
246 1356 355 1404 pace
383 1340 589 1387 Ecclesiae
612 1339 805 1385 habeant
830 1337 882 1384 ad
908 1337 1106 1384 salutem.
1141 1337 1187 1383 Si
1209 1354 1309 1398 ergo
1353 1338 1562 1384 tollantur

180 1410 235 1457 de
264 1410 407 1457 medio
430 1410 543 1457 mala
581 1409 832 1465 hominum,
859 1419 903 1455 et
924 1408 1197 1454 honorentur
1235 1408 1280 1455 in
1307 1408 1564 1455 hominibus

179 1480 299 1528 bona
331 1482 440 1538 Dei;
463 1481 544 1529 erit
564 1480 755 1527 fraterna
783 1478 1038 1535 concordia,
1072 1490 1113 1525 et
1138 1478 1338 1525 amabilis
1363 1498 1444 1543 pax
1464 1518 1474 1536 ,
1515 1492 1563 1527 ut

180 1550 227 1598 in
253 1552 462 1600 cordibus
475 1552 708 1599 hominum
723 1550 873 1598 vincat
891 1550 1215 1614 persuasionem
1239 1549 1421 1608 diaboli,
1450 1552 1563 1598 cha-

181 1613 486 1671 ritas‘Christi.

248 1695 309 1741 11.
341 1697 491 1759 Itaque
514 1710 615 1740 cum
641 1691 695 1738 ad
714 1709 790 1738 nos
816 1691 993 1737 veniunt
1016 1707 1063 1736 ex
1086 1700 1210 1754 parte
1231 1693 1420 1747 Donati,
1445 1694 1560 1740 mala

182 1763 359 1810 illorum
379 1781 468 1810 non
488 1763 763 1826 suscipimus,
778 1761 824 1807 id
844 1771 924 1818 est,
946 1761 1254 1807 dissensionem
1279 1774 1320 1808 et
1339 1780 1526 1810 errorem
1548 1801 1559 1819 ‚

185 1833 258 1881 sed
275 1835 369 1898 ipsa
387 1834 602 1880 tolluntur
622 1832 675 1878 de
697 1830 841 1877 medio
867 1841 1076 1894 tanquam
1107 1830 1420 1893 impedimenta
1455 1852 1565 1880 con-

186 1904 351 1952 cordiae
368 1941 379 1960 ,
412 1915 454 1951 et
478 1902 786 1967 amplectimur
806 1901 956 1946 fratres
978 1910 1150 1945 nostros
1178 1911 1335 1948 stantes
1357 1920 1457 1949 cum
1478 1904 1536 1949 eis
1553 1940 1563 1958 ‚

186 1974 300 2021 SIcut
324 1975 433 2021 dicit
464 1972 719 2038 Apostolus,
760 1991 780 2012 «
799 1973 850 2016 111
880 1970 1044 2040 unitate
1079 1971 1284 2034 spiritus,
1322 1973 1368 2018 in
1383 1973 1571 2020 *vinculo

189 2066 209 2091 ›>
226 2046 395 2110 pacis1,
413 2068 431 2088 »
445 2055 486 2092 et
510 2052 786 2105 agnoscentes
809 2042 853 2087 in
879 2041 938 2088 eis
967 2041 1084 2086 bona
1113 2042 1221 2098 Dei,
1249 2042 1335 2089 sive
1368 2054 1567 2090 sanctum

187 2116 479 2182 baptismum,
503 2117 590 2162 sive
615 2113 962 2160 benedictionem
989 2111 1292 2169 ordinationis,
1320 2114 1406 2160 sive
1431 2117 1570 2162 conti-

188 2189 348 2235 nentiae
383 2186 724 2252 professionem,
765 2184 854 2231 sive
886 2182 1258 2242 consignationem
1282 2184 1566 2244 virginitatis,

191 2260 278 2308 sive
304 2258 435 2304 fidem
470 2255 697 2302 Trinitatis
715 2292 725 2310 ,
764 2264 805 2300 et
840 2254 873 2299 si
901 2270 989 2317 qua
1017 2252 1098 2298 alia
1129 2263 1263 2299 sunt:
1292 2271 1390 2317 quae
1426 2257 1571 2301 onmia

191 2328 358 2376 etiamsi
379 2337 501 2374 erant
519 2363 531 2384 ,
554 2325 668 2372 nihil
700 2335 843 2370 tamen
871 2322 1138 2387 proderant,
1178 2323 1355 2386 quando
1384 2324 1573 2372 charitas

194 2416 282 2446 non
307 2408 410 2444 erat.
433 2397 543 2454 Quis
569 2406 714 2443 autem
734 2411 832 2443 vere
852 2393 962 2439 dicit
987 2409 1028 2438 se
1050 2392 1213 2439 habere
1239 2393 1404 2440 Christi
1422 2395 1573 2443 chari-

194 2481 357 2526 tatem,
395 2467 572 2533 quando
609 2470 700 2527 ers
744 2482 833 2512 non
867 2463 1147 2528 amplectitur
1181 2464 1424 2511 unitatem?
1461 2470 1572 2513 Cum

195 2558 297 2602 ergo
326 2540 381 2587 ad
421 2538 698 2586 Catholicam
731 2536 943 2592 veniunt,
982 2551 1070 2580 non
1102 2535 1177 2581 hic
1216 2535 1438 2598 accipiunt
1459 2538 1576 2600 quod

247 2627 257 2647 ¹
281 2623 398 2667 Ephes.
416 2634 465 2665 lv,
484 2624 515 2656 3.
