1902 3268
668 201 881 232 zmsroea
919 203 1047 232 xcm.
1471 190 1549 237 181

177 267 333 314 divinis
355 266 528 313 Litteris
540 265 675 326 hujus
686 265 792 312 facti
811 266 1020 330 reperiret
1036 267 1302 330 exemplum:
1323 269 1393 315 sed
1416 280 1560 317 tamen

175 339 286 385 forte
305 337 518 384 inveniret
543 336 731 400 aliquam
754 354 900 382 veram
919 337 1208 384 defensionem
1225 373 1235 393 ‚
1257 339 1290 384 si
1312 357 1458 387 veram
1478 342 1561 389 Ec-

176 408 351 454 clesiam
371 409 599 464 retineret,
630 418 672 453 et
700 424 785 453 non
805 408 887 453 sub
924 408 1128 454 Ecclesiae
1147 426 1259 455 verae
1279 410 1452 456 nomine
1480 412 1560 457 im-

176 479 394 542 pudenter
412 478 581 542 aliquid
608 477 860 541 possideret.

243 551 344 597 Xll.
370 549 501 606 Quod
526 560 666 595 autem
694 550 882 612 pertinet
914 550 965 595 ad
1003 562 1268 596 terrenarum
1295 562 1561 614 potestatum

171 623 290 680 jussa
312 656 324 676 ‚
351 630 504 665 contra
523 620 824 665 schismaticos
844 631 918 664 aut
940 620 1169 666 hereticos
1193 622 1260 666 vel
1285 622 1561 685 impetranda

178 691 243 736 vel
269 689 501 736 exserenda
523 727 533 746 ‚
563 690 625 735 illi
646 688 822 753 quidem
851 708 873 735 a
902 690 1064 753 quibus
1090 708 1164 736 vos
1187 693 1414 754 separastis
1439 710 1563 739 acer-

179 760 276 806 rimi
298 759 477 806 fuerunt
494 798 505 815 ‚
527 770 568 805 et
596 771 748 806 contra
768 776 843 804 vos
865 797 875 809 ,
898 771 1111 823 quantuni
1137 760 1286 806 audire
1311 762 1563 825 potuimu53

177 841 220 878 et
243 841 396 878 contra
441 830 815 885 maximianistas,
857 831 979 893 quod
1018 832 1247 877 Gestorum
1276 834 1404 878 etiam
1438 833 1566 879 certis

179 902 454 950 documentis
480 902 718 965 probamus
746 918 757 945 :
783 901 855 946 sed
891 913 1031 948 tamen
1056 903 1252 949 noudum
1285 906 1341 949 ab
1361 905 1418 950 eis
1441 922 1568 968 sepa-

178 973 260 1019 rati
296 973 424 1018 eratis
449 972 574 1036 (29),
613 971 794 1036 quando
819 972 995 1018 Juliano
1029 973 1290 1037 imperatore
1314 975 1357 1020 in
1389 993 1465 1022 sua
1488 993 1563 1039 pe-

178 1043 329 1090 titione
358 1042 590 1099 dixerunt,
629 1042 749 1106 quod
774 1064 793 1083 c<
814 1043 946 1106 Apud
971 1061 1067 1090 eum
1091 1044 1179 1090 sola
1207 1046 1376 1105 justitia
1411 1046 1561 1092 locum

177 1113 390 1166 haberet3
415 1135 434 1155 η
458 1130 586 1177 quem
616 1123 729 1159 certe.
766 1125 1005 1176 apostatam
1038 1126 1277 1171 noverant,
1309 1126 1350 1161 et
1372 1115 1563 1162 idolola-

177 1186 270 1232 triis
295 1184 492 1231 deditum
517 1185 577 1230 sic
604 1184 812 1230 videbant
832 1223 842 1236 ,
866 1196 917 1230 ut
944 1197 1017 1231 aut
1037 1187 1249 1245 justitiam
1272 1205 1358 1233 esse
1384 1187 1565 1235 idolola-

180 1257 305 1303 triam
327 1257 593 1312 faterentur‚
621 1267 695 1301 aut
719 1274 760 1302 se
795 1256 999 1302 scelerate
1018 1259 1219 1304 mentitos
1242 1296 1252 1314 ‚
1288 1276 1442 1318 negare
1475 1276 1565 1305 non

179 1338 378 1392 possent,
403 1337 452 1372 ut
475 1326 595 1390 apud
617 1343 715 1372 eum
746 1326 940 1372 dicerent
961 1327 1094 1373 solam
1123 1329 1268 1374 locum
1290 1329 1564 1389 liaberejus-

177 1399 352 1454 titiam,
383 1397 504 1462 apud
539 1415 666 1461 quem
714 1415 923 1457 magnum
964 1398 1110 1445 locum
1147 1411 1372 1445 cernerent
1400 1400 1563 1446 habere

175 1469 483 1516 idololatriam.
533 1468 617 1514 Sed
640 1468 773 1514 fuerit
810 1486 932 1515 error
956 1469 1000 1515 in
1022 1470 1156 1517 verbo
1178 1507 1188 1524 ,
1224 1470 1278 1517 de
1311 1470 1429 1517 facto
1463 1470 1560 1535 ipso

176 1539 284 1604 quid
319 1539 463 1586 dicis?
504 1539 550 1586 Si
583 1539 695 1584 nihil
723 1543 892 1599 justum
921 1540 976 1587 ab
1017 1542 1282 1605 Imperatore
1318 1541 1560 1605 petendum

177 1622 254 1664 est,
275 1629 354 1657 cur
375 1629 397 1657 a
421 1610 598 1657 Juliano
624 1611 811 1674 petitum
831 1622 892 1657 est
916 1611 1032 1675 quod
1054 1616 1222 1672 justum
1246 1624 1446 1677 putatum
1462 1616 1561 1658 est?

242 1682 370 1728 Xlll.
401 1682 468 1727 An
490 1681 578 1727 hoc
602 1681 841 1744 petendum
864 1693 931 1727 est
949 1719 960 1738 ,
991 1693 1038 1728 ut
1063 1700 1138 1729 sua
1160 1684 1346 1749 quisque
1372 1701 1560 1748 recupe-

177 1762 265 1807 ret,
301 1768 388 1797 non
425 1761 472 1797 ut
504 1750 693 1815 aliquem
713 1788 723 1807 ‚
761 1768 849 1815 quo
878 1751 934 1798 ab
963 1753 1233 1816 Imperatore
1267 1759 1560 1812 coerceatur,

179 1826 382 1869 accuset?
412 1822 592 1868 Interim
614 1832 655 1867 et
680 1823 722 1867 in
749 1839 924 1868 suarum
952 1840 1095 1869 rerum
1125 1825 1475 1889 recipiendarum
1497 1843 1561 1872 re·

178 1893 388 1958 petitione
407 1893 464 1939 ab
489 1892 741 1956 apostolicis
763 1893 968 1957 exemplis
990 1893 1236 1952 receditur3
1262 1895 1367 1958 quia
1388 1895 1475 1941 hoc
1495 1896 1561 1942 fe-

177 1965 283 2010 cisse
308 1981 435 2010 nemo
469 1963 689 2009 invenitur
720 1962 912 2011 illorum.
950 1963 1036 2010 Sed
1071 1976 1216 2010 tamen
1245 1982 1347 2011 cum
1379 1971 1564 2027 majores

177 2034 307 2080 vestri
342 2036 487 2098 ipsum
521 2033 808 2079 Caecitianum
847 2045 951 2081 tunc
979 2034 1172 2081 ecclesiae
1208 2036 1562 2097 Carthaginensis

179 2105 454 2169 episcopum,
482 2104 554 2150 cui
576 2114 783 2168 tanquam
814 2105 1048 2152 criminoso
1065 2107 1395 2159 *communicare
1413 2107 1562 2154 nolue-

177 2186 300 2232 runt,
316 2174 436 2240 apud
462 2175 705 2238 principem
732 2177 1067 2223 Constantinum
1090 2195 1169 2241 per
1186 2177 1422 2223 Anulinum
1446 2195 1555 2242 pro-

180 2245 398 2292 consulem
415 2255 743 2303 aecusaverunt‚
762 2264 851 2292 non
871 2265 936 2294 res
949 2265 1045 2294 suas
1064 2249 1238 2294 amissas
1252 2250 1562 2312 repetiverunt,

179 2315 255 2363 sed
283 2316 556 2363 innocentem
591 2316 733 2378 (sicut
767 2318 1086 2374 existimamus,
1115 2329 1158 2364 et
1190 2320 1300 2365 sicut
1326 2320 1562 2383 ipsejudi-

180 2387 351 2432 ciorum
387 2387 522 2433 exitus
560 2386 741 2450 docuit)
781 2388 1049 2435 calumniose
1084 2389 1394 2453 appetiverunt
1426 2407 1437 2435 z
1476 2407 1564 2454 quo

182 2456 290 2522 quid
313 2457 560 2504 sceleratius
580 2457 637 2503 ab
665 2458 724 2504 eis
746 2458 839 2505 fieri
861 2459 1037 2524 potuit?
1059 2459 1105 2508 Si
1125 2471 1271 2508 autem
1300 2461 1443 2526 (sicut
1462 2460 1567 2509 falso

183 2529 487 2585 arbitramini)
523 2546 618 2579 vere
642 2530 930 2580 criminosum
949 2530 1242 2593 judicandum
1276 2534 1454 2583 terrenis
1482 2551 1568 2601 po-
