1902 3268
664 313 877 345 EPISTOLA
913 315 1064 346 cxxix.
1449 302 1542 365 459

179 493 234 505 w}
243 492 1544 507 §mmmtvnzmwuw-sxzmmusmzusswmu=naewmsss=m

593 613 861 657 EPISTOLA
897 614 1084 658 CXXIX
1100 613 1130 656 ⁴.

176 746 418 792 Honorabili
442 762 486 788 ac
515 748 770 788 dilectissimo
799 749 879 788 filio
908 748 960 789 V.
987 748 1027 789 C.
1052 756 1090 788 et
1109 747 1312 800 spectabili
1331 749 1496 788 tribuno
1511 758 1551 789 et

231 811 390 866 notario
406 809 687 861 MARCELLINO,
713 812 921 861 AunELms,
945 810 1143 849 SYLVANos
1157 840 1167 858 ‚
1188 819 1227 850 et
1248 810 1426 850 universi
1448 811 1552 863 epis-

229 871 319 925 copi
337 871 534 916 catholici.

181 1006 397 1068 ΟᾳιΙιρίιοὶ
440 1006 629 1063 episcopi
663 1005 857 1049 Notoriae
891 1006 1229 1048 Donatistarum
1264 1007 1550 1064 respondent,

238 1074 543 1140 significantes
564 1075 848 1126 Maveeclino,
865 1089 906 1115 se
929 1075 1017 1116 illis
1038 1074 1265 1116 concedere
1290 1074 1405 1128 quod
1420 1075 1552 1131 petie-

241 1153 368 1195 νᾳηι,
399 1153 445 1184 ιιι
476 1143 674 1184 universi
711 1143 786 1198 qui
813 1152 1024 1183 veneram
1051 1156 1203 1183 eorum
1230 1143 1418 1199 episcopi
1439 1157 1556 1200 prbe

240 1221 376 1253 sentes
409 1220 544 1252 essent
576 1210 625 1250 in
651 1225 698 1251 eo
725 1210 813 1251 loco
840 1210 915 1251 ubi
949 1210 1207 1252 celebranda
1239 1219 1332 1252 erat
1355 1209 1556 1251 collatio.-

242 1265 341 1321 ium
361 1279 497 1320 eciam
519 1278 742 1320 catholiam
759 1277 964 1319 Ecclesia)
986 1293 1164 1319 eausam
1185 1280 1394 1320 adversus
1409 1292 1560 1320 eorum

241 1347 428 1413 schisma
447 1347 612 1390 validis
633 1347 909 1404 argumentis
926 1347 1177 1388 vindicant.

249 1495 284 1541 I.
316 1494 516 1550 MULTUM
551 1509 628 1545 nos
662 1491 866 1547 sollicitos
900 1491 1091 1559 reddidit
1129 1492 1311 1538 Notoria
1344 1492 1464 1555 (59),
1492 1493 1560 1539 vel

183 1564 340 1612 litterae
362 1562 546 1626 fratrum
572 1573 840 1619 nostrorum,
868 1580 977 1627 quos
995 1563 1198 1627 cupimus
1222 1562 1275 1609 ad
1297 1558 1561 1620 catholicam

185 1652 338 1699 pacem
365 1652 389 1680 a
411 1634 654 1697 perniciosa
693 1633 955 1679 dissensione
990 1650 1101 1679 conv
1105 1634 1206 1694 erti3
1245 1634 1366 1698 quod
1405 1634 1561 1681 Edicto

185 1704 429 1752 nobilitatis
447 1714 551 1760 tuae,
568 1721 656 1768 quo
671 1704 805 1767 ipsius
819 1703 1125 1767 disputationis
1141 1715 1301 1749 nostrae
1319 1704 1563 1767 tranquilli-

189 1779 266 1823 tati
292 1775 516 1840 quietique
538 1774 787 1838 providisti,
824 1775 1066 1820 consentire
1096 1775 1362 1829 noluerunt:
1385 1792 1438 1820 ne
1454 1774 1565 1820 forte

187 1845 354 1920 etiamsi
376 1863 464 1891 non
483 1862 654 1902 omnes,
680 1845 815 1924 aliqui
837 1856 983 1890 tamen
1006 1863 1153 1892 eorum
1174 1863 1252 1909 per
1271 1844 1566 1898 multitudinis

190 1899 429 1964 tumultum
460 1934 533 1963 seu
560 1917 814 1980 strepitum,
860 1916 1155 1973 collationem,
1176 1934 1286 1995 oquae
1310 1916 1495 1980 pacifica
1525 1926 1567 1962 et

188 1997 345 2052 pacata
370 2004 457 2033 esse
481 1987 629 2043 dehet,
655 1987 833 2051 impedi
825 1998 911 2034 int
959 1988 1100 2051 Atque
1123 1988 1290 2034 utinam
1330 1988 1447 2051 ipsos
1479 2004 1567 2033 non

189 2067 406 2123 pertentet
424 2058 506 2104 ista
522 2058 748 2119 cogitatio,
772 2068 812 2104 et
830 2075 908 2104 nos
932 2058 1079 2122 potius
1097 2057 1220 2104 sallat
1238 2059 1318 2104 ista
1341 2057 1530 2122 suspicio
1555 2076 1566 2103 ε

190 2140 233 2176 et
253 2129 352 2187 ideo
382 2129 416 2175 si
440 2129 576 2176 velint
604 2146 752 2176 omnes
774 2147 859 2176 esse
871 2141 1122 2194 praesenteS‚
1164 2141 1210 2176 ut
1234 2147 1334 2176 cuni
1352 2130 1410 2175 eis
1429 2129 1569 2191 visum

191 2199 346 2261 fuerit,
369 2199 637 2260 congregatis
660 2200 921 2259 illuc‘etiam
936 2201 1080 2257 nobis,
1107 2200 1235 2248 simul
1252 2199 1352 2247 inde
1367 2199 1568 2262 egredia-

193 2287 293 2317 mur
310 2270 547 2316 concordes
565 2281 693 2334 atque
708 2271 872 2335 pacati,
890 2282 931 2317 et
945 2271 1222 2317 schismatica
1240 2270 1450 2318 divisione
1473 2287 1571 2317 cor-

192 2350 327 2396 recta,
347 2340 538 2387 fraterno
559 2341 734 2387 unitatis
752 2341 917 2387 Christi
927 2340 1104 2389 vinculo
1129 2342 1345 2398 obstricti,
1367 2341 1570 2387 miranti-

193 2411 277 2458 bus
298 2422 341 2458 et
382 2410 673 2472 gaudentibus
711 2413 914 2458 omnibus
938 2412 1081 2469 bonis,
1109 2411 1281 2458 dolente
1305 2404 1450 2459 autern
1477 2410 1566 2457 solo

195 2481 371 2529 diabolo
395 2493 437 2528 et
452 2482 670 2529 similibus
692 2487 801 2544 ejus,
824 2483 987 2547 pariter
1008 2483 1052 2528 in
1074 2483 1310 2535 Ecclesiam
1337 2481 1390 2529 ad
1408 2483 1564 2544 gratia-

243 2589 253 2611 ¹
272 2589 567 2622 Desiderabaturin
587 2591 690 2625 editis.
708 2592 786 2632 Qua·
801 2597 905 2624 aulem
925 2602 986 2632 ης)
1001 2598 1082 2634 erat,
1101 2602 1184 2624 nunc
1203 2603 1257 2633 97.
1273 2608 1317 2615 —
1333 2590 1453 2634 Scripta
1468 2590 1560 2633 paulo

197 2651 268 2688 post
292 2646 501 2690 superiorem.
