1902 3268
345 251 433 299 2512
749 270 783 297 S.
828 269 1066 300 AUGUS'I'INI
1103 272 1302 301 EPISCOPI

339 334 567 380 intervalla
592 334 842 390 miscentur,
868 352 967 398 quae
991 336 1168 383 omnino
1189 337 1335 383 sentiri
1360 349 1610 401 nequeunt,
1636 339 1715 385 nisi

341 404 582 450 auditorem
605 406 914 468 pronuntiator
938 405 1154 454 informet.

410 474 483 521 1V.
509 477 684 520 Sextum
709 491 808 520 sane
827 474 991 520 librum
1013 493 1141 539 quem
1155 478 1430 524 emendatum
1450 479 1588 543 reperi
1609 516 1620 535 ‚
1638 480 1717 525 ubi

338 555 400 590 est
423 544 561 590 omnis
584 544 753 590 fructus
775 555 1032 591 caeterorum
1053 583 1063 601 ‚
1084 563 1173 592 non
1200 547 1349 594 distuli
1374 549 1542 594 mittere
1567 549 1714 595 chari—

338 614 417 659 tati
432 624 520 660 tuae
547 631 558 659 :
581 614 769 659 fortassis
791 615 882 677 ipse
901 626 1020 660 tuam
1040 633 1129 661 non
1153 617 1340 663 multum
1365 618 1545 678 refugiet
1569 620 1715 678 gravi-

341 694 485 731 tatem.
518 685 629 730 Nam
646 685 887 748 superiores
911 686 1108 750 quinque
1126 687 1195 733 vix
1213 687 1303 733 filio
1320 698 1466 734 nostro
1481 699 1520 734 et
1532 688 1717 734 condia-

339 771 451 800 cono
468 755 644 801 Juliano
660 793 671 812 ‚
688 757 894 819 quoniam
915 767 955 802 et
972 758 1062 820 ipse
1076 761 1166 817 jam
1185 758 1417 803 nobiscum
1438 758 1714 814 commilitat,

338 825 522 872 lectione
548 837 589 872 et
619 828 864 887 cognitione
888 827 1008 888 digni
1029 829 1308 876 videbuntur.
1343 830 1484 886 Quem
1507 829 1685 893 quidem
1701 866 1712 886 ‚

338 913 427 941 non
446 896 584 942 audeo
603 896 772 955 dicere,
799 897 899 960 plus
924 915 1022 943 amo
1048 915 1182 963 quam
1200 910 1241 945 te
1259 936 1270 955 ‚
1295 900 1396 962 quia
1415 916 1494 945 nec
1508 900 1717 945 veraciter

338 966 463 1021 dico;
493 966 565 1012 sed
599 978 741 1013 tamen
776 968 912 1014 audeo
947 969 1113 1026 dicere,
1144 970 1243 1033 plus
1280 970 1475 1016 desidero
1501 987 1634 1033 quam
1654 980 1710 1016 te.

343 1037 507 1082 Mirum
520 1037 656 1084 videri
677 1049 847 1102 potest,
871 1040 1245 1102 quemadmodum
1263 1058 1391 1105 quem
1412 1042 1574 1104 pariter
1598 1058 1712 1098 amo,

338 1107 526 1170 amplius
548 1107 786 1154 desiderem
803 1129 814 1166 3
834 1109 907 1155 sed
938 1110 1025 1155 hoc
1050 1110 1159 1156 mihi
1181 1111 1286 1156 facit
1306 1128 1402 1173 spes
1423 1110 1611 1173 amplior
1643 1111 1715 1157 vi-

338 1176 470 1222 dendi
499 1193 598 1223 eum
624 1197 634 1223 ε
668 1189 778 1242 puto
803 1179 918 1224 enim
956 1179 1075 1242 quod
1113 1180 1146 1225 si
1183 1180 1237 1225 ad
1262 1197 1339 1226 nos
1372 1191 1412 1225 te
1439 1181 1624 1240 jubente
1648 1180 1716 1226 vel

337 1248 534 1294 mittente
558 1250 723 1296 venerit
737 1287 747 1306 ‚
766 1260 808 1295 et
828 1251 916 1296 hoc
943 1250 1072 1297 saciet
1096 1251 1214 1314 quod
1233 1251 1545 1297 adolescentem
1565 1251 1711 1308 decet,

336 1319 519 1364 maxime
543 1320 647 1383 quia
681 1320 878 1366 nondum
917 1322 1031 1368 curis
1064 1322 1303 1382 majoribus
1336 1322 1569 1378 detinetur,
1604 1332 1646 1367 et
1674 1332 1716 1368 te

333 1387 479 1450 ipsum
497 1390 607 1435 mihi
627 1391 865 1454 expeditius
889 1392 1159 1455 apportabit.
1193 1393 1366 1449 Quibus
1388 1392 1577 1437 numeris
1603 1408 1715 1437 con-

334 1458 648 1506 sistantversus
681 1462 881 1508 Davidici
905 1480 993 1507 non
1024 1462 1203 1526 scripsi,
1233 1463 1333 1526 quia
1363 1463 1522 1510 nescio.
1565 1463 1715 1525 Neque

334 1530 450 1576 enim
469 1548 517 1576 ex
535 1531 715 1578 hebraea
740 1532 886 1593 lingua
908 1570 917 1589 ‚
940 1550 1071 1596 quam
1096 1534 1248 1593 ignoro
1263 1571 1273 1590 ‚
1298 1534 1444 1597 potuit
1470 1533 1598 1579 ctiam
1624 1550 1713 1578 nu·-

333 1617 472 1647 meros
492 1601 707 1665 interpres
729 1604 990 1666 exprimere,
1016 1621 1068 1649 ne
1088 1605 1214 1650 metri
1235 1604 1483 1650 necessitate
1503 1604 1557 1648 ab
1577 1604 1715 1649 inter-

332 1671 536 1733 pretandi
555 1672 734 1719 veritate
756 1674 944 1737 amplius
961 1711 971 1730 ,
995 1691 1127 1737 quam
1148 1674 1258 1720 ratio
1275 1674 1582 1720 sententiarum
1603 1673 1712 1718 sine-

331 1740 409 1786 bat
424 1778 434 1795 ‚
450 1741 618 1801 digredi
634 1754 859 1803 cogeretur
880 1762 890 1789 :
913 1745 1041 1789 certis
1055 1755 1197 1790 tamen
1209 1761 1278 1790 eos
1289 1755 1485 1789 constare
1500 1743 1709 1796 numeris,

328 1812 458 1858 credo
479 1812 564 1859 illis
583 1814 658 1877 qui
685 1831 776 1859 eam
812 1815 1002 1874 linguam
1026 1816 1166 1878 probe
1188 1815 1363 1861 callent.
1397 1814 1571 1860 Amavit
1595 1813 1711 1859 enim

327 1883 395 1929 vir
418 1883 490 1928 ille
510 1895 683 1930 sanctus
702 1886 915 1931 musicam
937 1885 1056 1948 piam
1081 1897 1122 1931 et
1147 1885 1191 1931 in
1219 1902 1267 1930 ea
1297 1884 1440 1930 studia
1463 1900 1552 1929 non
1574 1883 1710 1942 magis

332 1953 423 2015 ipse
445 1970 580 2016 quam
598 1954 711 2001 ullus
733 1955 841 2001 alius
860 1967 1012 2001 auctor
1030 1955 1242 2001 accendit.
1263 1954 1481 2000 Habitetis
1500 1970 1646 1999 omnes
1665 1953 1710 1998 in

329 2033 540 2070 aeternum
564 2025 608 2070 in
643 2025 862 2085 adjutorio
885 2026 1093 2072 Altissimi
1109 2063 1120 2081 ,
1147 2026 1224 2088 qui
1249 2024 1459 2070 habitatis
1488 2023 1711 2069 unanimes

329 2093 375 2140 in
394 2094 543 2151 domo,
567 2107 691 2159 pater
716 2107 938 2160 materque
962 2096 1113 2143 fratres
1130 2096 1338 2152 filiorum,
1356 2106 1397 2142 et
1415 2094 1562 2141 cuncti
1584 2094 1710 2140 unius

333 2166 472 2212 Patris
496 2166 596 2223 filii,
622 2184 832 2213 memores
851 2167 999 2215 nostri.
