1902 3268
627 279 839 310 Erisrom
878 280 967 310 xel.
1406 270 1491 316 163

123 360 171 396 ut
193 347 228 395 si
252 344 523 394 defendenda
543 362 607 391 res
625 353 713 401 est,
750 345 948 391 innoxius
965 343 1253 401 defendatur,
1283 345 1337 392 ab
1361 347 1491 394 inno-

121 418 320 466 centibus
341 416 533 462 molestia
556 426 790 479 separetur.
815 437 833 457 >)

186 489 308 535 Vlll.
352 487 516 550 Accipe
542 487 731 532 breviter
767 503 866 550 qnae
891 487 1114 532 commissa
1147 486 1255 541 sint,
1291 498 1333 533 et
1351 489 1498 535 noxios

124 559 179 606 ab
209 558 517 605 innocentibus
540 558 631 621 ipse
663 558 871 605 discerne.
911 561 1073 603 Contra
1095 559 1406 605 recentissimas
1434 560 1500 606 le-

125 645 195 690 ges
221 629 322 694 (27)
345 628 579 685 ,Kalendis
614 630 756 675 Juniis
778 629 884 674 festo
910 645 1177 691 paganorum
1203 631 1406 690 sacrilega
1430 647 1502 676 so-

122 699 322 747 lemnitas
348 699 506 759 agitata
536 709 628 755 est,
665 700 836 744 nemine
866 699 1155 762 prohibente,
1188 710 1273 744 tam
1299 700 1503 746 insolenti

125 787 253 826 ausu,
277 781 326 816 ut
345 770 465 834 quod
492 787 571 815 nec
595 769 758 815 Juliani
780 769 1052 833 temporibus
1075 768 1240 814 factum
1259 780 1340 823 est,
1370 780 1503 833 petu-

122 840 361 887 lantissima
384 841 514 886 turba
539 839 791 885 saltantium
821 841 865 884 in
902 838 1051 884 eodem
1079 856 1254 901 prorsus
1287 840 1386 885 vico
1410 849 1508 886 ante

123 911 237 959 fores
270 912 470 958 transiret
500 911 705 958 ecclcsiae.
747 912 891 967 Quam
918 928 1007 955 rem
1033 910 1350 957 illicitissimam
1378 922 1508 975 atque

123 982 469 1042 indignissimam
495 981 663 1027 clericis
702 982 938 1044 prohibere
977 982 1249 1026 tentantibus
1272 1019 1283 1038 ,
1325 982 1509 1028 ecclesia

124 1053 319 1117 lapidata
337 1063 415 1099 est.
444 1052 611 1098 Deinde
632 1064 728 1116 post
749 1052 840 1098 dies
865 1053 999 1098 ferme
1018 1063 1118 1098 octo
1135 1090 1145 1106 ,
1168 1070 1267 1098 cum
1292 1053 1405 1114 leges
1434 1070 1510 1099 no-

125 1123 310 1170 tissimas
327 1124 563 1187 episcopus
581 1123 727 1169 ordini
748 1123 1018 1187 replicasset‚
1034 1133 1076 1168 et
1098 1123 1200 1168 dum
1220 1141 1267 1168 ea
1283 1128 1511 1188 quaejussa

128 1205 250 1251 sunt,
270 1194 393 1241 velut
417 1192 598 1257 implere
621 1194 862 1258 disponunt
882 1231 893 1250 ‚
926 1196 1082 1240 iterum
1111 1194 1290 1240 ecclesia
1314 1195 1512 1258 lapidata

126 1276 204 1314 est.
241 1264 458 1311 Postridie
488 1265 646 1310 nostris
693 1265 746 1310 ad
770 1264 1086 1328 imponendum
1112 1264 1297 1327 perditis
1318 1277 1482 1310 metum
1502 1301 1513 1321 ‚

125 1335 245 1401 quod
262 1335 494 1381 videbatur
514 1334 634 1397 apud
649 1336 757 1380 Acta
781 1335 924 1387 dicere
946 1335 1198 1380 volentibus
1219 1335 1513 1397 publicaJura

126 1416 279 1466 negata
303 1415 419 1452 sunt.
458 1404 708 1468 Eodemque
731 1406 826 1468 ipso
848 1404 936 1460 die,
967 1415 1014 1449 ut
1039 1403 1104 1450 vel
1141 1404 1350 1451 divinitus
1376 1417 1514 1452 terre-

126 1485 278 1523 rentur
294 1513 306 1533 ,
327 1474 492 1536 grando
512 1474 865 1539 lapidationibus
882 1474 1052 1520 reddita
1070 1486 1131 1520 est
1151 1494 1162 1529 ;
1185 1492 1270 1538 qua
1291 1486 1512 1523 transacta

126 1547 336 1594 continuo
352 1546 525 1592 tertiam'
551 1546 867 1609 lapidationem
887 1583 897 1602 ‚
922 1555 964 1590 et
984 1555 1204 1608 postremo
1232 1546 1348 1606 ignes
1368 1547 1512 1593 eccle-

129 1617 308 1665 siasticis
336 1617 457 1663 tectis
477 1627 607 1680 atque
629 1617 888 1662 hominibus
909 1615 1153 1662 intulerunt
1179 1635 1190 1666 ;
1217 1634 1352 1663 unum
1371 1635 1515 1665 servo-

129 1702 226 1734 rum
268 1687 372 1743 Dei,
399 1687 476 1750 qui
513 1688 723 1733 oberrans
754 1704 984 1733 occurrere
1016 1687 1186 1750 potuit,
1222 1688 1513 1746 occiderunt,

131 1758 300 1806 caeteris
325 1758 483 1821 partim
517 1758 593 1802 ubi
631 1768 865 1821 potuerant
905 1758 1208 1815 latitantibus,
1243 1760 1403 1823 partim
1430 1777 1518 1824 qua

130 1839 364 1894 potuerant
379 1826 664 1887 fugientibus,
677 1845 777 1874 cum
800 1829 960 1873 interea
975 1839 1205 1874 contrusus
1219 1841 1348 1893 atque
1366 1847 1514 1877 coarc-

134 1911 249 1947 tatus
272 1899 463 1964 quodam
503 1898 602 1944 loco
643 1916 685 1944 se
709 1900 949 1945 occultaret
981 1899 1214 1962 episcopus
1234 1937 1244 1956 ‚
1284 1902 1360 1946 ubi
1396 1919 1440 1947 se
1461 1901 1518 1948 ad

131 1982 315 2018 mortem
327 1971 618 2035 quaerentium
635 1987 762 2017 voces
780 1970 1173 2034 audiebatsibique
1193 1971 1514 2035 increpantium

132 2042 251 2107 quod
271 2058 320 2088 eo
345 2059 433 2088 non
455 2042 630 2087 invento
654 2041 783 2101 gratis
817 2052 984 2087 tantum
1017 2052 1336 2104 perpetrassent
1358 2045 1508 2092 scelus,

134 2114 263 2160 Gesta
280 2122 380 2158 sunt
392 2112 491 2158 haec
510 2112 565 2157 ab
583 2112 691 2157 hora
703 2111 835 2157 ferme
852 2111 1020 2157 decima
1036 2127 1170 2174 usque
1185 2112 1236 2157 ad
1262 2119 1400 2163 noctis
1414 2131 1515 2178 par-

134 2195 222 2231 tem
251 2200 340 2229 non
368 2182 609 2228 minimam.
637 2183 775 2228 Nemo
793 2199 1098 2246 compescere,
1134 2200 1261 2228 nemo
1284 2185 1515 2232 subvenire

133 2253 718 2316 tentavitillorum‚quorum
735 2271 820 2299 esse
831 2254 971 2313 gravis
983 2263 1122 2316 posset
1135 2258 1388 2311 auctoritas,
1401 2274 1514 2320 prae-

134 2336 200 2372 ter
217 2341 352 2370 unum
377 2323 651 2387 peregrinum
669 2361 679 2379 ,
712 2341 791 2387 per
817 2340 944 2386 quem
964 2334 1004 2368 et
1024 2323 1202 2385 plurimi
1227 2326 1336 2372 servi
1364 2327 1441 2372 Dei
1460 2328 1513 2373 de

133 2396 339 2444 manibus
357 2394 599 2440 interficere
625 2396 876 2440 conantium
893 2394 1063 2439 liberati
1084 2406 1200 2451 sunt,
1224 2406 1265 2441 et
1287 2397 1423 2444 multa
1447 2416 1514 2444 ex-

134 2477 248 2514 torta
264 2464 586 2530 praedantibu33
603 2482 680 2529 per
696 2483 825 2529 quem
845 2465 1010 2511 clarum
1025 2464 1189 2511 factum
1204 2477 1282 2520 est;
1303 2485 1432 2532 quam
1452 2469 1513 2516 fa-

135 2537 220 2585 cile
236 2537 311 2584 illa
323 2535 391 2582 vel
413 2535 593 2582 omnino
607 2552 693 2582 non
709 2537 860 2582 fierent
882 2572 892 2591 ,
921 2535 988 2581 vel
1008 2546 1155 2599 coepta
1176 2536 1457 2596 desisterent,
1480 2540 1513 2586 si

138 2609 268 2666 cives,
297 2607 565 2670 maximeque
589 2607 796 2670 primates
813 2623 861 2652 ea
879 2606 971 2653 fieri
996 2607 1235 2670 perficique
1265 2609 1509 2658 vetuissent.

1317 2700 1328 2727 1
1352 2700 1384 2731 ι,
