1902 3268
584 246 799 278 ErisToLA
837 247 965 276 xciii.
1405 232 1491 295 175

111 315 363 364 infirmitate
396 313 611 377 perficiat.
658 312 900 373 Diligamus
926 311 1054 356 etiam
1078 311 1277 358 inimicos
1301 324 1488 370 nostros,

112 387 216 451 quia
246 385 332 431 hoc
363 387 527 444 justum
563 394 641 435 est,
676 395 719 429 et
743 384 829 429 hoc
866 383 1072 446 praecipit
1097 383 1228 438 Deus,
1248 404 1268 424 «
1288 394 1335 429 nt
1357 384 1490 430 simus

109 478 131 499 »
147 455 227 502 filii
243 455 385 501 Patris
409 455 546 500 nostri
564 454 640 518 qui
660 453 704 499 in
733 454 857 500 coelis
876 464 954 506 cst,
986 454 1061 517 qni
1082 453 1187 499 facit
1204 453 1334 500 solem
1359 471 1486 500 suum

109 548 130 569 »
148 526 252 572 oriri
272 542 403 590 super
415 525 554 571 bonos
570 536 612 570 et
626 525 778 581 malos,
797 536 837 570 et
864 525 978 588 pluit
995 541 1126 588 super
1139 528 1280 585 justos
1296 535 1336 571 et
1359 525 1493 585 injus-

109 617 130 640 »
153 607 219 643 tos
239 596 274 644 1.
301 618 320 638 υ
337 595 422 642 Sed
441 596 553 642 sicut
571 596 650 642 ista
663 595 776 641 dona
797 600 890 656 ejus
913 594 1158 652 laudamus,
1183 596 1241 642 ita
1268 596 1398 642 etiam
1416 597 1492 642 ssa-

108 667 218 728 gella
241 670 332 727 eJus
348 666 392 712 in
420 683 508 722 eos,
533 683 641 730 quos
662 664 821 726 diligit‚
843 666 1096 726 cogitemus.

175 737 227 784 V.
256 741 392 783 Putas
430 737 647 782 neminem
694 735 851 781 debere
893 735 990 796 cogi
1019 735 1073 781 ad
1107 736 1319 795 justitiam
1342 774 1352 793 ‚
1397 753 1497 783 curn

107 807 222 868 legas
243 807 598 871 patremfamilias
612 806 764 852 dixisse
799 807 928 852 servis
952 823 962 850 ε
993 828 1011 847 n
1038 806 1351 871 Quoscumque
1370 807 1495 854 inve-

108 900 130 921 »
147 878 297 924 neritis
316 878 456 939 cogite
474 877 635 923 intrare
653 880 671 906 2
691 894 700 921 ε
729 899 749 919 »
774 894 874 923 cum
895 877 1006 937 legas
1025 878 1153 922 etiam
1182 877 1325 940 ipsum
1352 879 1495 941 primo

108 948 289 995 Saulum
301 949 334 1006 ³,
357 959 504 1013 postea
519 948 726 1003 Paulum,
756 947 807 994 ad
831 948 1179 1008 cognoscendam
1195 959 1237 994 et
1261 950 1493 1005 tenendam

107 1019 352 1073 veritatem,
370 1036 528 1083 magna
553 1019 760 1065 violentia
782 1019 945 1064 Christi
969 1020 1160 1079 cogentis
1183 1036 1268 1065 esse
1288 1020 1496 1084 compul-

107 1107 226 1137 sum:
247 1090 328 1137 nisi
349 1090 461 1136 forte
473 1091 715 1136 chariorem
729 1091 1122 1154 putashominibus
1137 1108 1223 1136 esse
1237 1091 1489 1154 pecuniam,

107 1161 175 1208 vel
204 1161 492 1225 qualemlibet
533 1162 861 1224 possessionem,
889 1178 1019 1224 quam
1046 1160 1188 1207 lucem
1228 1163 1371 1217 istam,
1396 1179 1496 1226 quie

109 1231 248 1277 oculis
269 1232 483 1296 carpitur.
517 1232 643 1277 Hanc
678 1231 749 1277 ille
774 1232 938 1277 coelesti
958 1242 1204 1295 prostratus
1221 1250 1328 1278 voce
1353 1234 1499 1280 subito

109 1301 303 1348 amissam
333 1319 417 1347 non
440 1302 730 1365 recuperavit,
759 1301 840 1346 nisi
873 1318 972 1347 cum
1005 1312 1169 1347 sanctae
1190 1302 1492 1366 incorporare—

109 1382 181 1418 tur
208 1371 427 1418 Ecclesiae.
471 1373 524 1416 Et
539 1383 668 1435 putas
690 1372 857 1417 nullam
879 1373 966 1417 vim
989 1372 1289 1418 adhibendam
1314 1390 1401 1418 esse
1418 1374 1496 1419 ho-

109 1442 236 1498 mini,
254 1453 303 1488 ut
324 1443 380 1488 ab
398 1443 552 1488 erroris
569 1442 763 1506 pernicie
783 1441 991 1488 liberetur
1011 1460 1019 1487 τ
1047 1460 1146 1488 cum
1169 1443 1313 1506 ipsum
1336 1445 1492 1502 Deum,

108 1528 196 1577 quo
213 1529 341 1558 nemo
363 1529 440 1571 nos
460 1512 608 1558 utilius
640 1512 797 1573 diligit,
830 1513 1077 1559 certissimis
1095 1513 1298 1576 exemplis
1316 1514 1405 1561 hoc
1427 1515 1498 1561 fa=

110 1600 205 1629 cere
227 1583 391 1640 videas,
432 1593 475 1629 et
494 1583 720 1629 Christum
758 1583 907 1629 audias
930 1584 1147 1629 dicentem
1172 1605 1192 1624 «
1217 1586 1354 1631 Nemo
1379 1587 1498 1633 venit

114 1675 133 1708 η
158 1653 212 1700 ad
234 1671 318 1708 me,
357 1653 439 1699 nisi
459 1671 588 1717 quem
612 1655 1025 1708 Paterauraxerit-4.
1044 1675 1063 1696 >2
1080 1655 1200 1718 quod
1217 1656 1264 1700 fit
1283 1657 1326 1701 in
1344 1657 1495 1702 cordi-

112 1725 196 1771 bus
212 1724 427 1780 omnium,
449 1724 525 1787 qui
539 1741 581 1770 se
599 1725 654 1770 ad
668 1742 765 1771 eum
779 1726 942 1771 divina-7
961 1726 1202 1772 iracundiae
1216 1727 1371 1772 timore
1389 1746 1492 1775 con-

111 1805 314 1852 vertunt3
335 1805 376 1840 et
393 1796 564 1840 noveris
576 1795 812 1858 aliquando
837 1796 979 1842 furem
996 1796 1240 1842 avertendis
1261 1799 1494 1859 pecoribus

114 1864 331 1930 pabulum
348 1882 564 1928 spargere,
592 1875 633 1910 et
649 1866 886 1929 aliquando
907 1877 1123 1930 pastorem
1141 1867 1310 1927 flagello
1331 1868 1381 1914 ad
1398 1886 1497 1929 gre-

113 1953 207 1998 gem
226 1953 386 2000 pecora
407 1938 597 1982 errantia
614 1953 833 1983 revocare.

178 2007 254 2054 Vl.
285 2007 440 2052 Nonne
479 2017 785 2053 contumacem
814 2007 1016 2053 ancillam
1040 2007 1142 2053 <lata
1163 2008 1246 2054 sibi
1264 2020 1492 2072 potestate,

116 2076 222 2124 Sara
236 2077 387 2141 potius
423 2076 702 2137 affligebat&
729 2079 783 2123 Et
800 2078 950 2141 utique
970 2095 1057 2124 non
1076 2095 1188 2133 eam,
1212 2096 1345 2143 quam
1372 2098 1497 2145 supe-

114 2149 203 2195 rius
219 2147 433 2194 beneficio
464 2164 540 2193 suo
569 2159 747 2194 matrem
767 2148 942 2205 fecerat,
971 2149 1207 2195 crudeliter
1231 2150 1404 2197 oderat:
1425 2153 1499 2199 sed

114 2219 160 2265 in
185 2236 232 2265 ea
251 2217 501 2281 superbiam
526 2218 758 2264 salubriter
793 2219 1042 2265 edomabat.
1078 2222 1177 2266 Non
1202 2232 1342 2267 autem
1367 2223 1497 2282 igno-

116 2305 209 2344 ras,
245 2287 367 2351 quod
391 2288 484 2334 istae
516 2288 616 2335 cluae
643 2289 841 2335 mulieres
877 2291 981 2336 Sara.
1013 2301 1055 2335 et
1096 2293 1225 2351 Agar,
1246 2292 1390 2338 etduo
1418 2293 1498 2339 filii

116 2375 262 2406 earum
304 2359 424 2404 Isaac
447 2368 488 2404 et
520 2359 698 2412 lsmael,
737 2377 820 2423 pro
863 2360 1133 2423 spiritalibus
1170 2372 1211 2406 ct
1245 2363 1496 2410 carnalibus

116 2429 370 2491 figurentur.
397 2429 567 2474 Etcum
584 2429 777 2489 legamus
796 2431 998 2476 ancillam
1017 2441 1058 2476 et
1080 2430 1219 2477 filium
1233 2436 1325 2493 ejus
1345 2451 1369 2480 a
1392 2437 1498 2482 Sara

169 2528 311 2561 'Mattln
333 2539 361 2566 v,
382 2529 438 2564 45.
454 2545 499 2552 ι·-
518 2527 533 2550 2
550 2531 623 2561 Luc.
641 2540 705 2567 mv,
726 2531 778 2561 23.
800 2548 844 2554 ——-
862 2527 875 2552 3
891 2528 959 2563 Art,
978 2543 1021 2571 ιχ,
1046 2534 1074 2566 5,
1095 2532 1169 2556 -4
1196 2536 1357 2573 hamt-1,
1385 2542 1433 2574 ¹⁴4-
1453 2555 1497 2561 ..-

119 2586 132 2612 ⁵
151 2589 232 2619 Gen.
252 2595 322 2626 xvi,
346 2596 376 2624 7.
