1902 3268
641 310 855 342 nrisrom
890 311 1038 342 cxxv1.
1436 300 1528 361 [⁸39

152 377 383 440 jurationi,
407 388 455 425 ut
474 378 506 424 si
529 377 706 442 quando
742 376 805 423 illi
830 376 882 423 ad
922 378 1245 441 suscipiendum
1277 379 1528 425 clericatum

157 449 398 496 consentire
418 449 666 513 placuisset,
687 465 773 494 non
800 449 880 494 nisi
905 449 948 494 in
963 449 1056 512 ipsa
1083 449 1354 512 Ilipponensi
1375 451 1530 496 Eccle-

156 519 216 565 sia
239 521 512 567 consentiret.
537 520 683 566 Retuli
708 519 759 565 ad
788 536 905 574 eum,
934 520 1022 565 sine
1048 520 1322 566 dubitatione
1356 523 1522 568 annuit.

155 590 418 638 Renuntiavi
439 591 539 648 illis,
568 591 704 638 laetati
737 601 861 644 sunt3
884 601 925 636 et
944 608 1039 635 mox
1062 591 1323 650 jurationem
1353 591 1530 655 pollici-

136 671 241 707 *tam
268 673 576 726 poposcerunt.

219 732 292 778 lv.
335 734 509 779 Reverti
535 733 590 780 ad
615 733 753 778 filium
778 743 991 787 nostrum,
1023 749 1208 796 eumque
1244 732 1385 777 inveni
1412 732 1527 778 lluc-

153 813 345 850 tuantem
372 805 636 868 quibusnam
658 804 800 851 verbis
826 803 1141 867 comprehendi
1166 814 1309 867 posset
1334 803 1405 850 illa
1425 821 1523 850 cum

144 873 366 933 juratione
381 876 624 939 promissio,
652 885 832 938 propter
861 875 1128 919 necessitates
1160 875 1396 930 irruentes,
1425 891 1526 939 quae

150 956 324 1008 possent
341 963 437 991 eum
464 956 513 991 ut
533 945 781 991 abscederet
793 962 956 1005 cogere.
976 945 1115 991 Simul
1131 947 1256 991 etiam
1272 946 1378 1009 quid
1396 946 1523 991 time«

149 1028 213 1060 ret
233 1016 435 1074 ostendit,
457 1033 510 1062 ne
536 1017 632 1079 quis
662 1015 851 1061 irruisset
870 1016 1038 1061 hostilis
1071 1017 1283 1071 incursus,
1308 1017 1383 1081 qui
1421 1027 1527 1062 esset

149 1083 406 1132 discessione
422 1087 640 1133 vitandus.
664 1087 850 1132 Volebat
865 1086 966 1132 addi
981 1098 1126 1133 sancta
1143 1087 1339 1145 Melania,
1354 1099 1395 1134 et
1411 1089 1522 1133 a'eris

146 1155 339 1203 morbidi
362 1159 654 1204 causationem
679 1176 689 1203 :
721 1157 793 1203 sed
819 1158 933 1204 illius
958 1159 1236 1222 responsione
1260 1160 1517 1223 reprehensa

146 1238 220 1275 est.
255 1229 345 1289 Ego
359 1240 500 1275 autem
513 1229 618 1285 dixi,
641 1247 811 1289 gravem
828 1230 884 1275 ab
903 1229 977 1275 illo
996 1241 1137 1275 etnon
1161 1229 1520 1276 contemnendam

146 1315 318 1345 causam
341 1301 600 1346 necessitatis
622 1301 848 1360 ingestam,
875 1317 976 1364 quse
1009 1300 1121 1345 cives
1160 1301 1289 1346 etiam
1313 1301 1520 1361 emigrare

146 1371 452 1434 compelleret:
476 1371 549 1418 sed
561 1372 594 1417 si
608 1372 706 1417 haec
718 1369 883 1434 popqu
897 1371 1162 1423 dicerentur,
1179 1371 1419 1418 timendum
1435 1389 1520 1417 esse

147 1459 200 1488 ne
217 1442 328 1488 male
351 1459 428 1488 nos
447 1441 631 1488 ominari
647 1442 894 1487 videremur
919 1459 928 1486 :
957 1443 991 1487 si
1007 1453 1147 1487 autem
1163 1443 1245 1488 sub
1260 1443 1520 1488 necessitatis

144 1512 316 1559 nomine
334 1514 455 1559 fieret
474 1513 710 1567 excusatio,
734 1530 818 1558 non
840 1513 917 1558 nisi
934 1512 1259 1559 fraudulentam
1285 1513 1519 1560 necessita-

145 1594 226 1629 tem
255 1584 418 1648 putari.
448 1584 623 1630 Placuit
642 1595 790 1629 tamen
820 1594 867 1628 ut
889 1583 942 1629 de
965 1584 1049 1630 hac
1073 1601 1119 1630 re
1138 1584 1297 1648 populi
1321 1584 1516 1630 animum

141 1654 455 1718 experiremur;
483 1664 523 1699 et
547 1654 659 1699 nihil
690 1653 808 1699 aliud
829 1671 959 1716 quam
989 1654 1032 1699 id
1066 1655 1184 1718 quod
1210 1665 1518 1719 putaveramus

139 1725 397 1771 invenimus.
432 1726 543 1770 Nam
570 1741 671 1770 cum
702 1729 793 1785 ejus
813 1725 944 1770 verba
971 1743 991 1771 a
1009 1725 1195 1772 diacono
1221 1726 1340 1773 dicta
1356 1726 1515 1773 recita-

143 1806 353 1851 tarentur,
380 1806 421 1841 et
450 1796 593 1841 omnia
637 1795 925 1858 placuissent3
956 1797 1032 1842 ubi
1061 1814 1218 1843 nomen
1249 1798 1514 1861 interpositae

141 1866 622 1921 necessitatisinsonuit,
645 1867 852 1912 continuo
870 1867 1148 1913 reclamatum
1169 1879 1244 1926 est,
1260 1869 1513 1932 promissio-

138 1954 222 2000 que
234 1936 476 2001 displicuit,
496 1937 689 1983 tumultu
705 1937 1046 1994 recrudescente,
1069 1949 1109 1984 et
1120 1939 1231 1984 nihil
1247 1939 1363 1985 aliud
1380 1957 1511 2005 quam

135 2004 288 2054 fraude
306 2025 449 2054 secum
473 2008 538 2068 agi
563 2008 731 2072 populo
751 2009 1029 2056 existimante.
1057 2010 1187 2067 Quod
1217 2027 1317 2056 cum
1341 2021 1515 2057 sanctus

137 2077 251 2124 filius
275 2089 418 2125 noster
433 2079 627 2135 vidisset,
652 2080 779 2139 jussit
800 2080 900 2126 inde
919 2081 1076 2126 auferri
1097 2098 1253 2127 nomen
1280 2082 1512 2128 necessita-

136 2148 206 2203 tis,
232 2166 492 2213 rursumque
509 2149 565 2195 ad
589 2150 782 2196 laetitiam
809 2152 999 2216 populus
1023 2152 1244 2198 remeavit.

201 2219 252 2266 V.
294 2224 347 2265 Et
385 2237 485 2266 cum
534 2220 832 2267 lassitudinem
877 2239 1120 2268 excusarem
1152 2259 1160 2274 ,
1213 2222 1301 2268 sine
1350 2240 1416 2268 me
1460 2222 1513 2269 ad

137 2290 309 2358 plebem
330 2291 533 2337 accedere
558 2291 714 2348 noluit,
732 2293 859 2338 simul
876 2294 1144 2339 accessimus.
1172 2293 1290 2338 Dixit
1312 2294 1349 2339 ei
1373 2311 1474 2357 quae
1490 2312 1515 2340 a

137 2361 324 2407 diacono
341 2362 489 2408 audita
503 2373 626 2408 erant
643 2380 684 2408 se
704 2364 946 2409 mandasse.
974 2383 1014 2407 se
1028 2368 1194 2422 jurasse
1217 2381 1352 2428 eaque
1370 2383 1412 2410 se
1425 2383 1512 2412 esse

132 2433 374 2490 facturum,
399 2434 694 2497 continuoque
713 2436 917 2479 omniaeo
945 2445 1104 2487 tenor-2,
1136 2451 1223 2498 quo
1247 2435 1504 2492 dictaverat,

132 2514 387 2568 prosecutus
411 2515 486 2551 est.
514 2505 788 2568 Responsum
810 2516 869 2550 est
888 2542 898 2560 ,
934 2506 1022 2552 ΞΜ)
1047 2506 1202 2564 gratias
1230 2523 1240 2550 t
1269 2517 1306 2551 et
1326 2506 1512 2569 petitum

134 2569 180 2622 ilt
198 2585 338 2622 totum
373 2576 585 2640 scriptum
620 2576 978 2622 subscriberetur.
1031 2577 1278 2622 {amisimus
1302 2578 1512 2624 catechu-

133 2664 303 2702 menos,
351 2648 644 2712 continuoque
673 2647 882 2711 scriptum
930 2648 1198 2710 subscripsit.
1236 2647 1399 2693 Peiwto
1426 2649 1511 2712 peti
