1902 3268
626 305 835 335 EPISTOLA
874 306 971 335 xcv.
1401 309 1490 354 2⁶29

119 365 292 418 feratur.
319 370 401 416 Sed
427 371 514 416 sive
537 370 728 416 habeant
750 370 898 430 Angeli
920 387 1123 434 corpora,
1146 373 1234 416 sive
1258 373 1487 434 quisquam

115 445 252 503 possit
282 441 503 487 ostendere
523 478 532 495 ‚
557 441 928 503 quemadmodum
955 459 1140 505 corpora
1164 459 1252 487 nou
1280 442 1489 487 habentes

114 527 256 570 gerere
285 511 359 557 illa
380 512 525 557 omnia
550 512 803 574 potuerint,
826 513 869 558 in
890 512 962 558 illa
990 523 1132 558 tamen
1162 513 1335 558 civitate
1363 530 1491 558 sanc-

114 591 284 639 torum,
307 582 393 627 ubi
416 582 543 627 etiam
575 599 651 645 per
675 583 900 628 Christum
928 582 1143 646 redempti
1169 601 1191 628 a
1218 582 1490 642 generatione

112 648 197 695 hac
217 651 262 696 in
279 661 488 697 aeternum
516 656 832 712 conjungentur
861 652 1054 697 millibus
1084 653 1348 712 Angelorum
1370 690 1380 707 ‚
1409 669 1490 698 vo-

114 736 181 764 ces
204 721 450 784 corporales
481 740 568 767 non
598 722 777 768 latentes
810 723 974 769 animos
997 722 1261 768 indicabunt
1283 740 1293 766 :
1318 723 1420 784 quia
1442 723 1489 767 in

111 789 184 835 illa
221 792 422 837 societate
460 793 607 838 divina
648 793 759 838 nihil
798 792 1069 852 cogitationis
1106 793 1303 855 proximo
1332 792 1491 854 poterit

113 860 326 907 occultari
348 882 359 916 3
395 862 468 908 sed
493 863 573 907 erit
609 879 849 907 consonans
881 863 926 906 in
955 862 1032 906 Dei
1045 861 1193 907 laude*
1216 862 1455 907 concordia
1473 899 1485 917 ‚

112 947 200 975 non
223 931 359 977 solum
373 934 545 995 spiritu2
567 933 847 978 verumetiam
869 931 1251 995 spiritalicorpore
1263 949 1455 995 expressa
1474 950 1485 976 :

112 1000 200 1046 hoc
223 1002 333 1048 mihi
353 1003 539 1050 videtur.

179 1072 256 1118 IX.
288 1073 466 1118 Interim
491 1074 651 1137 siquid
678 1074 985 1133 congruentius
1009 1073 1183 1118 veritati
1214 1073 1281 1118 vel
1302 1077 1395 1132 jam
1422 1083 1491 1118 te-

114 1158 205 1198 nes,
227 1143 295 1188 vel
316 1161 338 1188 a
358 1143 630 1190 doctioribus
661 1144 812 1190 oudire
834 1143 1029 1207 potueris
1044 1180 1055 1198 ‚
1082 1161 1162 1206 per
1185 1153 1224 1188 te
1248 1160 1370 1188 nosse
1391 1153 1488 1188 stu—

111 1212 348 1259 diosissime
365 1225 553 1277 expecto.
584 1216 774 1260 Recense
796 1232 895 1259 sane
919 1213 1160 1277 Epistolam
1188 1231 1325 1259 meam
1340 1213 1357 1242 1
1380 1250 1391 1267 ,
1416 1214 1489 1258 cui

108 1282 318 1345 quoniam
341 1283 688 1330 festinantissime
713 1295 752 1330 te
775 1284 1045 1347 respondisse
1071 1283 1123 1328 de
1158 1283 1333 1328 diaconi
1368 1282 1486 1328 festi-

107 1353 283 1398 natione
319 1366 517 1400 causatus
556 1372 626 1409 es„
670 1355 767 1400 ideo
793 1373 880 1400 non
920 1370 1162 1417 conqueror
1184 1390 1195 1408 ‚
1237 1353 1309 1398 sed
1341 1353 1487 1416 potius

107 1439 401 1470 commemoro
416 1462 427 1480 ,
453 1435 500 1470 ut
523 1425 642 1488 quod
665 1436 770 1470 tunc
784 1425 990 1470 omissum
1013 1435 1100 1477 est,
1122 1440 1240 1468 nunc
1258 1422 1479 1469 reddatur.

109 1493 165 1537 Et
203 1492 258 1539 de
283 1494 372 1539 otio
402 1495 571 1558 quippe
591 1495 828 1540 christiano
856 1494 910 1539 ad
935 1493 1263 1557 percipiendam
1288 1493 1357 1538 vel
1388 1493 1481 1538 dis-

107 1563 335 1609 serandam
363 1565 645 1611 christianam
668 1565 923 1628 sapientiam
940 1564 1048 1627 quid
1070 1564 1243 1619 sentias,
1269 1574 1309 1608 et
1326 1563 1379 1609 de
1399 1565 1486 1609 otio

109 1633 228 1694 quod
247 1635 464 1696 putabam
490 1646 564 1681 tuo
581 1673 591 1692 ‚
619 1639 744 1695 cujus
769 1635 878 1680 mihi
905 1635 1220 1698 occupationes
1245 1633 1487 1680 incredibi-

107 1701 165 1746 les
185 1703 400 1748 nuntiatae
417 1715 517 1749 sunt
541 1706 711 1768 require
739 1715 779 1750 et
801 1704 918 1760 vide,
945 1704 1053 1767 quid
1077 1723 1100 1750 a
1120 1714 1160 1748 te
1179 1705 1287 1749 scire
1307 1705 1487 1766 quaesie-

107 1770 205 1818 rim.
235 1773 311 1835 (Et
333 1773 412 1819 alia
431 1777 584 1837 manu)
610 1791 818 1820 memores
839 1775 974 1820 nostri
993 1774 1137 1820 felices
1156 1774 1305 1829 vivite,
1331 1790 1483 1834 magna

107 1841 265 1900 gaudia
290 1853 332 1888 et
353 1843 504 1890 solatia
527 1855 672 1890 nostra
692 1846 829 1890 sancti
847 1845 942 1890 Dei.

155 1941 166 1962 ¹
185 1942 262 1973 Haee
278 1952 342 1974 non
359 1949 458 1976 extat.
