1902 3268
418 238 501 285 183
830 259 865 290 s.
908 258 1152 290 mensum
1190 258 1393 290 Emscom

412 337 503 366 ossa
522 320 902 381 calumniantium,
925 342 1004 371 nec
1023 324 1176 371 Daniel
1194 325 1282 388 ipse
1300 323 1563 379 intercedat,
1584 322 1790 370 innocens

412 393 724 455 comprobatus
739 430 749 449 ‚
774 394 883 455 etde
905 395 1003 441 lacu
1024 413 1114 459 quo
1134 396 1195 441 illi
1211 395 1628 459 pereuntliberatus.
1661 416 1680 435 «
1701 395 1789 452 Qui

413 484 433 503 ›>
456 462 570 508 enim
600 473 726 526 parat
752 465 950 525 proximo
974 482 1051 511 suo
1073 465 1238 511 fovemn
1257 502 1267 520 ‚
1304 468 1395 528 ipse
1413 465 1572 525 justius
1594 464 1721 511 cadet
1745 465 1788 510 in

415 554 435 574 >2
463 532 604 579 0:1111'1.
633 553 652 573 >³

479 603 574 649 XX.
605 604 737 667 Eripe
767 614 833 662 te,
853 605 1002 662 frater,
1025 605 1129 652 dum
1156 609 1199 652 in
1231 608 1311 652 hac
1334 624 1461 652 em‘ne
1484 606 1591 652 vivis
1610 643 1620 662 ,
1654 607 1709 652 ab
1727 606 1789 652 ira

412 691 489 738 (μὴ
476 691 513 719 ιθ
536 685 719 721 ventura
745 686 807 721 est
829 678 1130 740 peltinacibus
1149 689 1219 723 et
1210 679 1419 743 upwrbis,
1444 679 1602 723 'leir01
1620 687 1792 740 tempo-

412 744 567 790 talium
601 755 890 809 potestatum,
918 748 1098 811 quando
1133 749 1352 794 xcritatem
1378 758 1632 811 oppuvantt.
1665 747 1793 807 jtlstis

413 815 599 861 sottibus
626 815 810 876 gloriosa
843 819 1050 881 prtobltio
1071 830 1159 866 (st.
1189 818 1374 864 intinnis
1394 817 1635 881 periculosa
1657 828 1792 863 tenta-

415 886 508 932 tio:
531 887 708 950 quando
729 897 872 934 autem
898 890 1118 935 veritatem
1148 908 1217 952 pu
1204 889 1314 935 edic
1320 901 1385 935 ·ι.ι[
1413 906 1481 934 eri
1486 888 1659 934 antibus
1691 905 1793 934 cor-

412 955 525 1002 datis
556 957 672 1002 utilis
705 957 943 1005 admonitio
974 971 1062 1016 est,
1091 972 1133 1005 et
1158 943 1381 1005 insensatis
1408 958 1574 1005 inutilis
1598 958 1786 1005 afflictio,

415 1028 511 1073 Non
535 1038 597 1073 est
619 1038 759 1075 tamen
782 1040 967 1093 potestas
985 1032 1065 1077 nisi
1086 1049 1106 1077 a
1134 1033 1223 1077 Deo
1243 1049 1252 1076 :
1278 1031 1354 1093 qui
1376 1041 1517 1076 autem
1538 1029 1694 1075 resistit
1712 1046 1792 1092 po-

412 1100 575 1156 testati,
603 1100 681 1145 Dei
703 1100 967 1148 ordinationi
991 1103 1163 1148 resistit.
1195 1102 1421 1165 Principes
1446 1103 1557 1147 enim
1584 1118 1671 1146 non
1695 1111 1795 1146 sunt

413 1171 558 1217 timori
577 1170 695 1217 bono
729 1173 875 1236 operi,
911 1173 984 1219 sed
1011 1174 1139 1220 malo.
1168 1173 1238 1218 vis·
1265 1184 1515 1218 autemnon
1538 1173 1686 1217 timere
1710 1188 1795 1235 po-

410 1242 818 1289 testatemeonum
833 1243 899 1290 fac
919 1281 929 1300 ‚
949 1255 991 1289 et
1005 1244 1191 1290 habebis
1209 1243 1440 1290 laudemex
1457 1243 1546 1290 illa.
1570 1243 1669 1288 Sive.
1679 1242 1794 1287 enim

410 1324 600 1377 potestas
617 1314 786 1360 veritati
804 1315 952 1361 favens
967 1315 1154 1379 aliquem
1175 1315 1380 1375 corrigat,
1400 1313 1573 1360 laudem
1593 1313 1730 1359 habet
1748 1328 1796 1358 ex

410 1385 480 1431 illa
496 1385 572 1448 qui
592 1384 723 1431 fuerit
743 1386 1022 1443 eniendatus3
1041 1387 1128 1432 sive
1151 1385 1327 1432 inimica
1344 1385 1513 1432 veritati
1534 1386 1577 1430 in
1605 1384 1790 1448 aliquem

409 1456 556 1501 saeviat
572 1492 582 1511 ,
611 1456 784 1502 laudem
807 1457 944 1502 habet
962 1474 1008 1502 ex
1027 1457 1098 1503 illa
1124 1458 1201 1520 qui
1226 1456 1368 1502 victor
1387 1456 1516 1503 fuerit
1533 1466 1782 1502 coronatus.

412 1527 480 1572 Tu
503 1537 642 1572 autem
664 1544 750 1572 non
773 1527 940 1573 bonum
966 1527 1070 1574 facis
1086 1565 1096 1584 ‚
1121 1538 1168 1574 ut
1197 1528 1345 1573 timere
1364 1544 1449 1572 non
1471 1526 1629 1572 debeas
1652 1536 1793 1590 potes-

411 1608 537 1643 tatem
561 1616 571 1643 t
601 1598 680 1643 nisi
717 1597 828 1644 sorte
867 1599 1034 1645 bonum
1074 1610 1137 1645 est
1162 1599 1330 1653 sedere,
1371 1611 1413 1644 et.
1453 1616 1541 1644 non
1588 1597 1793 1644 adversus

409 1669 584 1715 fratrem
612 1669 839 1715 detrahere
855 1707 866 1727 ‚
898 1670 971 1716 sed
994 1670 1199 1716 adversus
1225 1670 1379 1716 fratres
1407 1687 1554 1715 omnes
1579 1670 1623 1715 in
1648 1669 1795 1714 omni-

408 1740 493 1787 bus
513 1741 714 1800 gentibus
734 1741 994 1788 constitutos
1012 1779 1023 1798 ‚
1053 1742 1217 1805 quibus
1242 1741 1534 1786 testimonium
1558 1739 1794 1803 perhibent

409 1812 648 1876 Prophetae
667 1849 676 1867 ‚
694 1812 895 1858 Christus
914 1850 924 1868 ,
945 1813 1167 1877 Apostoli,
1191 1829 1292 1858 cum
1311 1811 1467 1872 legitur
1487 1828 1498 1856 :
1521 1831 1541 1851 «
1566 1812 1616 1855 ln
1635 1809 1794 1856 semine

407 1904 429 1926 >2
455 1894 530 1929 tuo
558 1883 871 1930 benedicentur
891 1901 1040 1930 omnes
1059 1884 1234 1944 gentes2
1263 1901 1273 1928 :
1302 1904 1321 1923 >³
1345 1899 1444 1928 eum
1468 1882 1623 1942 legitur
1647 1899 1657 1926 τ
1683 1902 1702 1921 α
1723 1881 1793 1927 Ab

407 1976 430 1997 »
454 1966 551 2000 ortu
570 1954 669 1999 solis
692 1971 827 2017 usque
850 1954 905 2000 ad
920 1972 1122 2000 occasum
1147 1954 1412 2000 sacrificium
1428 1953 1643 2000 mundum
1662 1953 1794 1998 offer-

408 2046 431 2068 »
457 2035 525 2070 tur
544 2024 710 2070 nomini
732 2042 851 2078 meo3
869 2025 1077 2088 quoniam
1099 2025 1390 2083 glorificatum
1406 2035 1633 2070 estnomcn
1649 2039 1794 2068 meum

410 2117 431 2139 ι)
455 2096 499 2141 in
532 2095 734 2155 gentibus
754 2132 763 2149 ,
803 2095 911 2140 dicit
940 2094 1206 2150 Don1inus³‚
1230 2117 1248 2136 n
1278 2094 1422 2150 Audi,
1450 2115 1470 2135 (ι
1497 2093 1612 2139 Dicit
1637 2094 1794 2140 Domi-

410 2188 431 2209 »
454 2182 558 2223 nus;
584 2187 605 2207 »
631 2183 716 2211 non
743 2165 851 2211 diest
883 2166 1109 2219 Donatus,
1145 2175 1219 2211 aut
1245 2165 1465 2224 Rogatus,
1493 2174 1569 2209 aut
1599 2162 1792 2210 Vincen-

411 2237 497 2283 tius
515 2273 526 2291 ‚
551 2247 623 2282 aut
642 2235 859 2292 Hilarius,
882 2246 956 2281 aut
975 2235 1255 2291 Ambrosius,
1279 2246 1351 2280 aut
1372 2235 1639 2295 Augustinus
1654 2255 1665 2289 ;
1683 2234 1756 2281 sed
1776 2271 1788 2292 ,

410 2328 431 2349 «
455 2307 572 2354 Dicit
610 2307 823 2353 Dominus
848 2324 859 2352 :
888 2329 907 2349 »
931 2323 1034 2352 cum
1072 2306 1232 2366 legitur
1252 2324 1264 2352 z
1288 2327 1308 2346 α
1332 2308 1385 2351 Et
1407 2306 1724 2352 benedicentur
1746 2306 1792 2351 in

405 2395 501 2424 »eo
534 2394 683 2423 omnes
715 2377 857 2423 tribus
889 2388 1041 2434 terrae,
1077 2393 1225 2422 omnes
1265 2387 1409 2437 gentes
1444 2377 1792 2436 magnificabunt

402 2471 424 2491 »
447 2465 560 2495 eum.
588 2447 852 2495 Benedictus
872 2448 1087 2494 Dominus
1110 2448 1226 2494 Deus
1248 2447 1408 2503 lsrael,
1436 2448 1513 2512 qui
1530 2447 1636 2493 facit
1655 2447 1790 2493 mira-

402 2541 423 2564 »
445 2519 552 2566 bilia
577 2518 692 2565 solus
714 2529 755 2565 et
788 2519 1070 2567 benedictum
1101 2536 1257 2566 nomen
1290 2519 1440 2580 gloriae
1472 2522 1562 2578 ejus
1586 2518 1630 2565 in
1655 2528 1790 2565 aeter-

452 2604 561 2637 ’Prer
597 2613 815 2642 xxv1‚27.——
834 2602 945 2636 2Gen.
971 2614 1058 2643 xxvi,
1078 2610 1108 2640 4.
1127 2621 1169 2627 --
1192 2602 1204 2626 3
1224 2602 1360 2635 Malaeh.
1388 2613 1418 2645 ι,
1443 2614 1494 2634 ιι.
