1902 3268
700 270 911 301 EPISTOLA
947 271 1005 300 cr.
1452 257 1537 304 251

166 337 490 388 narrationibus
527 335 611 382 suis
646 333 803 381 debere
836 335 1137 398 profitentur,
1165 336 1353 383 fortassis
1385 338 1547 385 habeat

168 407 332 473 aliquid
368 407 614 467 cognitione
639 404 821 466 dignum
847 405 994 452 liberis
1018 443 1028 462 ‚
1062 422 1164 452 cum
1187 407 1276 454 sive
1310 407 1426 454 bona
1456 409 1545 456 sive

170 479 284 528 mala
308 478 537 525 hominurn
560 515 572 535 ,
600 489 743 523 tamen
769 494 868 524 vera
889 487 1134 525 narrantur.
1175 478 1386 535 Quamvis
1408 478 1454 525 in
1488 480 1546 526 eis

168 549 478 612 cognoscendis
500 549 580 613 qui
601 548 771 612 Spiritu
797 559 946 595 sancto
972 566 1060 594 non
1082 548 1221 609 adjuti
1245 561 1371 606 sunt,
1394 567 1548 597 rumo-

170 638 323 686 resque
348 620 547 680 colligere
602 620 697 684 ipsa
736 620 942 667 humanae
985 620 1250 667 infirmitatis
1296 622 1548 668 conditione

167 691 386 756 compulsi
412 702 529 749 sunt,
554 690 926 756 quemadmodum
949 707 1037 736 non
1075 689 1328 736 fallerentur
1358 692 1402 737 in
1440 691 1547 755 plu-

168 764 307 820 rimis,
331 762 509 809 omnino
533 779 622 808 non
648 761 774 808 video
797 779 807 806 ε
842 771 904 806 est
934 771 1079 806 tamen
1110 760 1157 806 in
1188 761 1247 806 eis
1278 760 1423 824 aliqua
1442 778 1549 824 pro-

166 836 393 900 pinquitas
416 832 647 888 libertatis,
667 832 701 878 si
718 831 985 879 voluntatem
1006 829 1244 875 mentiendi
1263 847 1348 876 non
1362 830 1547 887 habent,

167 923 248 953 nec
267 905 466 952 homines
491 903 667 958 fallunt,
692 901 773 948 nisi
791 917 892 948 cum
907 901 962 947 ab
988 900 1243 947 hominibus
1266 900 1461 947 humana
1477 901 1551 947 in-

169 975 375 1026 firmitate
398 973 626 1021 falluntur.

233 1047 316 1093 III.
353 1045 514 1092 Verum
534 1044 637 1108 quia
653 1044 698 1091 in
719 1044 923 1090 omnibus
944 1059 1090 1089 rerum
1111 1043 1305 1089 motibus
1334 1042 1442 1106 quid
1465 1057 1552 1089 nu-

171 1115 279 1164 meri
312 1115 508 1171 valeant,
548 1114 718 1161 facilius
754 1114 1057 1160 consideratur
1091 1113 1136 1159 in
1173 1113 1384 1169 vocibus,
1415 1128 1551 1176 eaque

172 1186 461 1234 consideratio
480 1185 748 1249 quibusdam
775 1185 899 1249 quasi
932 1184 1123 1245 gradatis
1145 1184 1376 1230 itineribus
1397 1183 1551 1229 nititur

178 1257 232 1305 ad
255 1273 444 1320 superna
473 1256 628 1302 intima
664 1256 854 1304 veritatis
873 1294 884 1313 ‚
919 1256 964 1302 in
990 1255 1154 1319 quibus
1179 1255 1259 1301 viis
1295 1254 1483 1301 ostendit
1508 1271 1552 1301 se

174 1328 386 1392 sapientia
405 1327 605 1373 hilariter
619 1364 630 1383 ‚
647 1337 688 1373 et
706 1327 752 1373 in
771 1326 892 1372 omni
906 1325 1184 1390 providentia
1198 1325 1392 1370 occurrit
1408 1342 1554 1370 aman-

177 1399 296 1445 tibus
321 1414 332 1443 :
354 1397 480 1444 initio
505 1397 644 1443 nostri
671 1398 751 1444 otii
769 1413 872 1443 cum
896 1415 919 1442 a
942 1396 1057 1442 curis
1078 1396 1318 1456 maJ'oribus
1333 1396 1554 1459 magisque

174 1468 420 1516 necessariis
440 1469 624 1516 vacabat
647 1469 839 1525 animus,
866 1468 984 1516 volui
1015 1485 1092 1531 per
1110 1469 1190 1513 ista
1207 1503 1217 1523 ,
1247 1483 1349 1530 quae
1373 1484 1396 1512 a
1423 1466 1553 1512 nobis

175 1539 426 1588 desiderasti
439 1539 635 1603 ‚scripta
653 1539 906 1604 proludere,
931 1538 1110 1602 quando
1129 1538 1370 1601 conscripsi
1389 1537 1442 1583 de
1460 1536 1551 1584 solo

177 1611 391 1675 rhythmo
423 1628 490 1657 sex
512 1610 673 1657 libr0s1
689 1649 699 1667 ‚
731 1622 774 1657 et
801 1611 855 1657 de
889 1610 1000 1656 melo
1028 1610 1216 1655 scribere
1242 1609 1346 1654 alios
1369 1607 1552 1654 forsitan

178 1699 246 1728 sex
263 1718 275 1739 ‚
302 1681 457 1736 fateor,
478 1681 764 1745 disponebam
778 1719 789 1738 ,
817 1697 920 1727 cum
943 1681 1055 1726 mihi
1073 1679 1211 1725 otium
1232 1679 1432 1724 futurum
1453 1695 1554 1740 spe-

178 1752 347 1799 rabam.
385 1751 470 1797 Sed
496 1762 777 1815 posteaquam
800 1751 913 1797 mihi
936 1767 1141 1796 curarum
1167 1748 1557 1795 ecclesiasticarum

180 1823 348 1870 sarcina
369 1823 574 1886 imposita
589 1833 652 1868 est
668 1862 679 1878 ,
700 1840 847 1868 omnes
863 1822 952 1867 illae
969 1821 1137 1867 deliciae
1160 1819 1308 1880 sugere
1331 1819 1386 1865 de
1409 1819 1557 1864 mani-

180 1894 265 1940 bus
280 1931 291 1950 ,
318 1893 378 1939 ita
400 1904 448 1939 ut
467 1893 537 1939 vix
560 1910 678 1939 nunc
700 1895 846 1957 ipsum
869 1893 1065 1939 codicem
1090 1892 1326 1944 inveniam,
1351 1890 1560 1954 quoniam

183 1975 304 2011 tuam
329 1964 596 2010 voluntatem
617 2001 628 2020 ‚
651 1981 730 2010 nec
747 1964 1001 2027 petitionem
1022 1999 1033 2018 ,
1066 1962 1138 2007 sed
1155 1961 1390 2022 jussionem
1411 1997 1422 2014 ‚
1450 1977 1560 2007 con-

183 2045 373 2081 temnere
384 2051 565 2098 nequeo.
585 2034 719 2091 Quod
732 2052 832 2080 sane
843 2033 1107 2097 opusculum
1127 2033 1356 2096 sipotuero
1371 2032 1559 2088 mittere,

185 2123 273 2152 non
289 2105 469 2170 quidem
493 2123 562 2151 me
584 2106 665 2151 tibi
687 2105 1031 2169 obtemperasse,
1053 2114 1351 2149 verumtamen
1373 2113 1413 2148 te
1437 2102 1524 2148 hoc
1543 2118 1567 2147 a

187 2193 255 2222 me
274 2186 498 2238 tantopere
514 2176 727 2236 flagitasse
746 2176 992 2239 poenitebit.
1023 2174 1289 2220 Difficillime
1311 2174 1478 2237 quippe
1494 2172 1566 2218 in·-

189 2246 443 2307 telliguntur
467 2246 513 2291 in
533 2263 582 2292 eo
610 2246 804 2310 quinque
827 2246 955 2303 libri,
985 2245 1018 2290 si
1040 2262 1127 2290 non
1149 2244 1262 2289 adsit
1287 2244 1364 2306 qui
1387 2259 1476 2288 non
1500 2258 1572 2288 so-

188 2317 283 2364 lum
307 2316 628 2380 disputantium
659 2316 796 2380 possit
822 2333 1020 2380 separare
1042 2330 1245 2378 personas
1262 2349 1272 2370 ‚
1291 2312 1575 2358 verumetiam

190 2386 526 2453 pronuntiando
542 2387 603 2433 ita
621 2403 770 2433 sonare
795 2386 987 2432 morulas
1011 2385 1278 2447 syllabarum
1299 2418 1309 2440 ‚
1347 2392 1392 2428 ut
1416 2381 1475 2427 eis
1500 2398 1575 2427 ex-

190 2458 438 2522 primantur
452 2474 711 2522 sensumque
732 2457 900 2503 aurium
916 2456 1072 2502 feriant
1088 2471 1245 2516 genera
1261 2469 1542 2500 numerorum
1561 2469 1572 2497 ε

190 2529 373 2576 maxime
397 2528 499 2593 quia
536 2527 582 2574 in
608 2528 880 2592 quibusdam
921 2526 1053 2575 etiam
1088 2525 1360 2574 silentiorum
1383 2523 1578 2572 dimensa

240 2611 253 2655 ξ
270 2609 359 2646 Libri
379 2620 434 2662 sex
451 2610 491 2645 de
508 2609 649 2649 Musica.
