1902 3268
293 291 388 354 378
706 304 753 338 s,
785 305 1029 338 Auens-rim
1065 306 1268 339 Ei>1scop1

291 390 418 418 nemo
442 372 584 418 sobrie
613 371 722 418 dicit
743 384 913 435 partem
943 390 1030 418 esse
1059 374 1104 418 in
1124 374 1205 419 isto
1228 373 1324 419 loco
1344 410 1354 428 ,
1379 384 1420 419 et
1435 385 1603 437 partem
1627 373 1672 420 in

292 444 385 499 illo,
410 444 616 507 quoniam
645 443 802 488 veritas
833 444 982 505 utique
1017 444 1132 488 Deus
1156 455 1242 501 est3
1274 461 1548 507 nequaquam
1574 462 1674 490 eum

293 516 488 560 movebit
508 513 628 576 quod
660 512 712 557 de
743 513 916 558 infinito
950 517 1048 558 a'ere
1076 515 1226 572 sensit,
1250 516 1523 579 quicumque
1546 516 1675 561 sensit

292 584 412 647 quod
433 584 523 646 ipse
550 584 665 627 Deus
685 593 804 629 esset.
843 582 961 640 Quid
986 582 1039 628 ad
1061 583 1182 628 illum
1211 584 1245 629 si
1268 586 1575 647 neseiatquam
1602 585 1673 630 di-

292 666 395 699 cant
418 654 485 699 isti
512 653 706 717 eorporis
724 653 909 698 sormam
930 658 947 699 ἓ.)
979 676 1071 700 euni
1099 656 1265 718 quippe
1289 655 1445 700 dicuni
1467 672 1567 718 quat:
1592 673 1676 701 un-

293 727 426 789 dique
468 726 589 773 finita
629 726 682 770 sit
710 743 720 770 :
771 736 811 771 et
849 736 995 770 utrum
1035 725 1257 772 refellendi
1295 743 1422 772 causa
1467 737 1678 790 tanquam

294 796 586 844 Academicus
623 796 874 843 Anaximeni
916 796 1069 843 Cicero
1083 796 1099 825 '1
1141 798 1380 857 objecerit,
1419 797 1604 845 sormam
1635 808 1678 844 et

293 868 673 932 pulchritudinem
697 869 836 913 Deum
849 867 1013 913 habere
1036 880 1234 931 oportere
1250 868 1370 932 (53),
1385 869 1508 931 quasi
1523 885 1678 932 eorpo-

292 956 412 985 ream
437 939 626 1002 speeiem
653 938 847 997 cogitans
863 976 874 992 ,
903 941 1006 1002 quia
1029 938 1101 984 ille
1136 955 1400 1002 corporeum
1434 939 1575 984 Deum
1593 955 1679 984 esse

294 1009 488 1066 dixerat,
519 1015 592 1055 aer
610 1008 724 1055 enim
749 1025 911 1072 corpus
933 1020 1023 1063 est;
1055 1027 1110 1056 an
1130 1009 1222 1073 ipse
1239 1009 1452 1056 sentiebat
1477 1026 1563 1055 esse
1586 1008 1677 1056 for-

294 1098 435 1138 mam,
467 1091 508 1127 et
533 1079 916 1143 pulehritudinem
942 1080 1249 1144 incorpoream
1274 1080 1467 1137 veritati,
1486 1097 1571 1143 qua
1589 1080 1680 1144 ipse

295 1152 466 1199 animus
499 1151 785 1208 informatur,
813 1161 854 1196 et
887 1168 967 1214 per
993 1168 1127 1215 quam
1153 1152 1300 1199 omnia
1333 1151 1537 1214 sapientis
1565 1151 1682 1201 facta

290 1221 480 1286 pulchra
504 1239 590 1268 esse
609 1221 882 1282 judicamus,
900 1233 948 1268 ut
969 1239 1059 1268 non
1084 1232 1254 1269 tantum
1278 1221 1505 1273 refellendi
1524 1223 1678 1281 gratia,

294 1294 369 1341 sed
404 1294 534 1342 etiam
569 1293 787 1340 verissime
820 1293 1007 1352 dixerit,
1047 1294 1168 1359 quod
1200 1297 1342 1341 Deum
1380 1293 1684 1357 pulcherrima

294 1366 438 1430 speeie
456 1365 734 1421 deceatesse,
762 1366 865 1429 quia
885 1366 999 1412 nihil
1030 1377 1092 1412 cst
1109 1365 1447 1430 puleliriusipsa
1473 1364 1682 1426 intelligi-

291 1437 373 1483 bili
402 1447 531 1500 atque
565 1437 922 1487 incommutabili
952 1438 1148 1485 veritate.
1193 1436 1327 1494 Quod
1361 1446 1503 1482 autem
1529 1435 1587 1482 ait
1610 1437 1683 1483 ille

292 1507 412 1568 gigni
447 1512 620 1565 aerem,
659 1525 790 1571 quem
827 1518 972 1553 tamen
1009 1509 1151 1555 Deum
1180 1525 1267 1560 esse
1296 1507 1498 1554 censebat
1527 1545 1538 1564 ,
1561 1508 1682 1555 nullo

294 1577 427 1628 modo
464 1589 610 1624 movet
645 1577 768 1630 hunc
804 1578 947 1625 virum
970 1615 982 1634 ,
1013 1578 1091 1642 qui
1124 1578 1330 1638 intelligit
1360 1596 1448 1624 non
1471 1578 1584 1624 sicui
1608 1584 1683 1626 a'e'r

295 1649 505 1710 gignitur,
520 1648 565 1695 id
580 1659 659 1704 est,
680 1649 826 1713 aliqua
847 1666 998 1705 causa,
1021 1661 1069 1697 ut
1088 1652 1142 1696 sit
1160 1650 1364 1706 efficitur,
1388 1666 1490 1696 cum
1504 1650 1682 1699 omnino

296 1722 411 1766 Deus
433 1738 523 1771 non
541 1721 613 1776 sit,
634 1720 695 1766 ita
716 1720 909 1781 genitum
929 1737 1016 1767 esse
1038 1721 1234 1768 Verbum
1260 1720 1339 1766 Dei
1358 1757 1370 1777 ,
1399 1721 1539 1767 Deum
1562 1721 1683 1785 apud

295 1792 439 1838 Deum
457 1828 468 1847 ,
497 1791 568 1837 sed
590 1791 718 1851 longe
741 1791 825 1837 alio
850 1791 1001 1848 modo,
1030 1808 1163 1854 quem
1198 1809 1324 1837 nemo
1342 1828 1352 1847 ,
1383 1790 1465 1836 nisi
1496 1791 1569 1837 cui
1592 1792 1683 1855 ipse

295 1862 413 1910 Deus
442 1861 696 1925 inspirarit,
737 1861 955 1921 intelligit.
1001 1861 1133 1908 lllum
1162 1872 1306 1920 autem
1342 1862 1474 1907 etiam
1511 1861 1557 1913 in
1580 1861 1684 1926 ipsis

295 1931 604 1997 corporalibus
627 1931 822 1995 desipere
845 1933 942 1996 quis
964 1949 1051 1978 non
1080 1932 1243 1989 videat,
1271 1949 1373 1986 cum
1398 1937 1543 1979 aerem
1567 1933 1685 1993 gigni
1705 1946 1708 1947 ’

298 2003 444 2057 dicat,
469 2013 511 2049 et
536 2003 676 2049 Deum
716 2002 851 2059 velit3
878 2019 978 2051 eum
1003 2013 1148 2056 autem
1179 2021 1202 2054 a
1223 2019 1312 2066 quo
1347 2008 1423 2053 aer
1455 2002 1648 2063 gignitur
1666 2040 1679 2060 ,

293 2091 385 2133 non
416 2074 532 2121 enim
555 2091 579 2119 a
605 2072 728 2125 nullo
762 2072 881 2134 gigni
913 2084 1084 2137 potest,
1110 2090 1199 2126 non
1220 2072 1343 2122 dicat
1365 2075 1541 2126 Deum?
1566 2073 1684 2130 Cum

295 2155 439 2195 autem
458 2143 622 2190 dicitur
646 2148 721 2195 aer
740 2160 826 2196 esse
850 2161 1020 2208 semper
1042 2144 1089 2191 in
1113 2155 1253 2201 motu,
1279 2160 1561 2210 nequaquam
1580 2161 1684 2197 eon-

295 2215 496 2267 turbabit
516 2214 741 2266 hominem
757 2252 767 2269 ‚
794 2225 842 2265 ut
859 2226 1092 2279 propterea
1119 2215 1246 2269 illum
1271 2216 1412 2262 Deum
1433 2225 1586 2279 putet,
1606 2214 1685 2278 qui

293 2287 417 2338 novit
436 2286 577 2332 omnis
599 2285 796 2350 corporis
828 2296 999 2334 motum
1031 2286 1281 2334 inferiorem
1312 2303 1428 2342 esse,
1464 2302 1598 2350 quam
1621 2295 1684 2331 est

292 2369 438 2410 motus
479 2358 645 2412 animi3
681 2369 853 2408 motum
894 2369 1040 2408 autem
1079 2358 1212 2405 animi
1254 2359 1381 2418 longe
1407 2357 1644 2421 pigriorem
1666 2392 1678 2414 ,

290 2447 422 2494 quam
435 2439 498 2476 est
517 2439 661 2475 motus
679 2446 863 2481 summae
884 2441 1011 2494 atque
1030 2429 1408 2476 incommutabilis
1425 2429 1676 2492 Sapientiae.

356 2498 519 2549 XXIV.
547 2500 657 2545 Item
681 2502 956 2561 Anaxagoras
975 2537 986 2561 ,
1008 2500 1096 2547 sive
1119 2500 1323 2564 quilibet,
1350 2499 1385 2545 si
1406 2509 1594 2550 mentem
1615 2497 1681 2564 cli-

290 2572 351 2631 eit
373 2572 514 2637 ipsam
540 2571 768 2633 veritatem
799 2582 929 2638 atque
957 2572 1215 2636 sapientiam
1235 2608 1246 2630 ,
1274 2569 1383 2635 quid
1416 2569 1528 2617 mihi
1546 2579 1607 2628 est
1627 2567 1681 2630 de

337 2655 350 2680 ί
368 2654 443 2688 Lib.
469 2666 498 2686 1.
519 2654 558 2686 de
577 2656 651 2687 Nat,
675 2657 831 2686 Deorum.
