1902 3268
641 263 853 293 EPISTULA
891 264 1019 293 Lxxv.
1471 270 1491 314 l*
1511 269 1517 298 1

213 331 309 377 XX,
341 350 361 370 n
391 329 527 374 Porro
552 327 671 391 quod
692 327 800 374 dicis
823 345 906 374 non
929 328 1126 375 debuisse
1155 347 1221 375 uic
1248 331 1518 394 interpret-„iri

147 412 246 467 post
272 411 455 456 veteres,
485 411 527 446 et
561 417 673 446 novo
708 400 838 445 ιιιιιι5
869 400 1001 463 syllog,
1011 401 1039 444 i
1049 418 1146 453 ιιιο;
1189 403 1312 447 ‹Aut
1338 406 1521 450 obscura

146 473 323 519 suerunt
338 488 440 536 quae
454 471 726 534 interpretati
741 481 841 516 sunt
855 471 1165 534 διιιιιιιῧιιιιι
1191 483 1266 516 aut
1282 490 1334 517 ιιι
1327 473 1521 521 inil'esta.

149 543 195 589 Si
213 542 426 598 obscura,
449 553 488 587 te
507 559 686 605 quoque
708 542 752 587 iu
767 542 825 587 cis
847 542 936 587 silli
960 542 1151 605 potuisse
1166 542 1428 590 c1·ede·ndum
1445 555 1520 591 est.

150 613 195 659 Si
221 613 449 658 manifesta
465 649 476 668 ‚
501 612 597 658 illos
620 612 664 657 in
688 612 746 658 eis
769 612 860 657 falli
886 629 974 657 non
994 613 1186 674 potuisse
1201 650 1211 669 ,
1246 615 1527 677 perspicuum

145 694 268 730 est.»
289 685 324 728 ’]
329 700 384 729 uo
403 684 484 729 tibi
505 700 702 728 seimone
726 681 979 746 respondeo.
1009 683 1172 728 Omnes
1190 694 1350 729 veteles
1373 696 1491 730 tract
1487 706 1526 730 ι-

145 765 285 810 tores,
309 755 387 819 qui
404 772 480 800 nos
497 754 542 800 in
562 755 750 799 Domino
766 764 1108 817 praecesserunt,
1130 764 1171 799 et
1187 754 1261 817 qui
1279 757 1333 800 S‹
1339 756 1491 818 riptui
1496 775 1526 802 ts

144 837 315 872 sanctas
338 826 609 890 interpretati
635 836 759 881 sunt,
794 835 869 870 aut
889 824 1074 870 obscura
1100 825 1372 889 interpretati
1397 839 1522 884 sunt,

145 908 217 944 aut
244 897 487 944 manifesta.
516 895 562 942 Si
590 896 807 952 obscura,
836 895 1060 959 quomodo
1093 907 1136 943 tu
1160 907 1255 960 post
1288 915 1358 943 eos
1395 915 1524 945 ausus

142 985 184 1013 es
202 967 432 1024 disserere,
460 966 583 1032 quod
606 967 672 1013 illi
699 966 930 1030 explanare
955 985 1044 1012 non
1072 972 1336 1031 potuerunt?
1358 969 1403 1015 Si
1426 987 1522 1015 ma-

141 1037 320 1094 nifesta,
343 1039 616 1102 superfluum
641 1049 703 1083 est
734 1049 776 1084 te
803 1038 987 1085 voluisse
1011 1037 1215 1085 disserere
1236 1075 1246 1093 ‚
1272 1039 1393 1102 quod
1425 1039 1522 1085 illos

141 1110 273 1156 latere
294 1126 383 1156 non
402 1111 548 1175 potuit
568 1148 579 1167 ,
611 1110 796 1156 maxime
825 1111 870 1156 in
894 1110 1196 1174 explanatione
1218 1110 1490 1157 Psalmorum
1508 1149 1518 1168 ‚

141 1198 249 1245 quos
268 1181 388 1245 apud
415 1182 594 1228 Graecos
612 1181 882 1245 interpretati
899 1192 999 1227 sunt
1024 1181 1174 1227 multis
1194 1181 1492 1228 voluminibus
1509 1220 1519 1239 ‚

140 1253 309 1315 primus
328 1252 538 1313 Origenes
557 1289 567 1307 ‚
594 1252 809 1299 secundus
825 1252 1037 1298 Eusebius
1053 1252 1329 1298 Caesariensis
1343 1289 1353 1308 ,
1372 1253 1523 1298 tertius

142 1321 402 1368 Theodorus
413 1323 703 1379 Heracleotes,
719 1333 898 1386 quartus
907 1323 1099 1368 Asterius
1110 1322 1519 1386 Scythopolitanus‚

141 1395 320 1456 quintus
340 1394 603 1457 Apollinaris
620 1394 916 1450 Lwdicenus,
938 1403 1077 1439 sextus
1101 1393 1318 1456 Didymus
1343 1393 1522 1440 Alexan-

141 1464 305 1511 (trinus.
334 1465 549 1511 Feruntur
567 1475 609 1511 et
628 1464 896 1510 diversorum
913 1464 956 1509 in
979 1480 1145 1527 paucos
1170 1463 1366 1509 Psalmos
1385 1481 1522 1528 opus-

141 1534 238 1581 cula
264 1553 274 1580 :
302 1535 375 1580 sed
397 1553 514 1581 nunc
534 1535 589 1580 de
610 1537 778 1595 integro
807 1535 1078 1581 Psalmorum
1111 1551 1296 1598 corpore
1314 1534 1513 1581 dicimus.

142 1606 273 1669 Apud
303 1607 482 1653 Latinos
513 1617 656 1653 autem
685 1606 879 1652 Hilarius
909 1607 1186 1652 Pictaviensis
1205 1644 1215 1663 ‚
1240 1617 1281 1652 et
1308 1606 1520 1652 Eusebius

140 1677 420 1723 vercellensis
454 1678 650 1741 episcopi
682 1679 915 1737 Origenem
949 1689 990 1724 et
1022 1678 1259 1724 Eusebium
1284 1678 1518 1723 transtule-

139 1759 241 1793 runt
265 1765 275 1792 ε
302 1764 488 1812 quorum
509 1748 699 1811 priorem
732 1759 774 1793 et.
804 1759 947 1794 noster
980 1749 1235 1794 Ambrosius
1257 1749 1301 1794 in
1328 1749 1518 1812 quibus-

140 1819 239 1863 dam
266 1830 438 1864 secutus
460 1830 535 1865 est.
565 1819 844 1883 Respondeat
870 1820 978 1865 mihi
1005 1820 1239 1883 prudentia
1258 1830 1331 1865 tua
1347 1857 1357 1876 ‚
1381 1837 1516 1882 quare

143 1901 187 1935 tu
213 1900 310 1952 post
337 1899 477 1935 tantos
508 1901 550 1934 et
576 1889 681 1935 tales
704 1890 961 1952 interpretes
983 1889 1026 1935 in
1055 1890 1354 1952 explanatione
1391 1890 1514 1934 l'sal-

140 1977 311 2006 morum
336 1961 504 2007 diversa
534 1961 740 2006 senseris?
777 1962 822 2006 Si
854 1961 968 2006 enim
994 1961 1169 2006 obscuri
1190 1971 1290 2005 sunt
1323 1960 1482 2005 Psalmi
1507 1998 1516 2014 ‚

139 2042 180 2077 te
198 2047 373 2095 quoque
386 2032 429 2077 in
448 2032 506 2077 eis
524 2032 616 2078 falli
632 2032 825 2094 potuisse
838 2030 1105 2076 credendum
1126 2042 1200 2078 est.
1227 2031 1270 2076 Si
1290 2030 1521 2083 manifesti,

139 2103 235 2149 illos
258 2103 304 2148 in
330 2102 389 2148 eis
408 2102 502 2147 falli
521 2103 713 2166 potuisse
746 2119 835 2148 non
857 2101 1051 2147 creditur
1073 2119 1082 2146 ε
1111 2119 1159 2146 ac
1184 2119 1257 2164 per
1281 2101 1368 2145 hoc
1394 2112 1519 2146 utro-

138 2189 222 2237 que
249 2173 381 2219 modo
405 2174 626 2236 supeiflua
655 2174 735 2219 erit
764 2174 1066 2237 interpretatio
1090 2184 1188 2228 tua3
1221 2183 1261 2218 et
1292 2173 1378 2218 hac
1404 2172 1494 2232 lege
1512 2209 1521 2227 ‚

139 2254 238 2306 post
261 2244 426 2307 priores
449 2244 594 2290 nullus
617 2244 739 2308 loqui
764 2244 970 2298 audebit3
999 2255 1041 2290 et
1064 2243 1377 2308 quodcumque
1413 2243 1521 2289 alius

139 2316 422 2379 occupaverit
441 2354 451 2373 ,
473 2316 581 2362 alius
597 2316 713 2362 deco
735 2316 954 2362 scribendi
979 2333 1063 2361 non
1075 2315 1260 2360 habebit
1279 2315 1516 2360 licentiam.

141 2387 257 2442 Quin
277 2386 422 2450 potius
448 2386 735 2432 humanitatis
754 2398 842 2433 tuae
867 2397 928 2431 est
945 2424 955 2435 ,
979 2386 1020 2431 in
1043 2403 1130 2449 quo
1148 2386 1317 2431 veniam
1339 2385 1419 2430 tibi
1439 2385 1522 2430 tri-

138 2458 260 2514 buis,
279 2457 504 2518 indulgere
521 2469 564 2504 et
579 2458 761 2505 caeteris.
793 2459 883 2518 Ego
897 2458 1009 2503 enim
1034 2475 1120 2503 ιιοιι
1137 2468 1223 2502 tam
1249 2468 1391 2502 vetera
1411 2457 1521 2502 abo-

139 2529 224 2575 lere
240 2539 423 2576 conatus
441 2546 534 2575 sum
553 2567 562 2584 ,
588 2547 689 2594 quae
711 2529 875 2589 linguae
892 2546 1001 2575 meae
1026 2529 1282 2575 hominibus
1300 2528 1525 2574 emendata

140 2599 193 2645 de
211 2616 352 2660 graeco
371 2600 414 2644 in
434 2600 615 2645 latinum
642 2600 870 2656 transtuli,
901 2617 1031 2663 quam
1053 2618 1099 2645 ea
1127 2599 1369 2645 testimonia
1387 2635 1397 2655 ,
1422 2615 1522 2661 quae
