1902 3268
372 267 465 313 302
795 282 831 312 s.
874 280 1121 312 Aueusrlm
1155 281 1360 313 EP1scor>1

371 347 667 411 perversitate,
681 347 801 411 quod
820 365 844 394 v
848 365 893 394 os
906 348 1045 394 fecitis
1061 358 1103 394 et
1126 348 1352 394 mendacio
1366 356 1506 394 vestro
1524 346 1670 393 subito
1689 356 1754 392 to

375 429 465 465 tarn
483 418 657 466 Africa:
711 418 996 482 mplestis.1n
1010 437 1098 482 qno
1110 420 1226 465 sacto
1249 419 1362 465 nihil
1374 419 1492 465 aliud
1511 417 1755 466 ostendistis

378 489 460 536 nisi
492 500 662 552 paitem
690 450 850 535 llonati
883 507 1055 554 semper
1075 490 1128 536 de
1151 491 1378 537 mendacio
1399 501 1753 554 praesumentem,

374 560 493 605 omni
506 561 804 620 ventojactari
821 571 862 606 et
879 560 1168 617 circumferli,
1187 562 1299 606 sicut
1313 562 1526 624 scriptum
1543 573 1626 607 est:
1635 583 1654 604 α
1669 561 1759 619 Qui

378 652 397 671 »
417 629 569 675 fiditin
584 628 700 676 falsis
717 631 793 677 hic
807 632 985 696 pascitv
989 630 1152 677 entos1.
1178 652 1199 673 n
1213 631 1453 677 sicutenim
1468 649 1568 679 vera
1587 631 1760 677 fuitista

375 699 663 760 indulgentia,
688 701 750 747 sic
771 719 870 748 vera
892 712 994 748 sunt
1012 701 1197 747 crimina
1235 702 1476 757 Caeciliani,
1515 713 1556 748 et
1580 701 1756 748 traditio

374 770 528 816 Felicis
546 772 858 835 Aptungensis3
878 791 955 837 per
971 789 1102 837 quem
1121 771 1348 818 ordinatus
1365 783 1444 827 est,
1466 784 1508 819 et
1539 770 1760 837 quidquid

375 841 494 888 aliud
516 854 667 889 contra
690 844 932 891 catholicos
955 845 1099 891 dicere
1126 845 1425 901 consuevistis,
1445 856 1494 890 ut
1517 862 1539 890 a
1555 858 1662 908 pace
1680 845 1765 890 Ec-·

379 912 521 959 clesiae
533 914 700 960 Christi
722 915 914 963 infelices
933 916 1159 980 separetis,
1178 927 1219 962 et
1234 916 1464 963 infeliciter
1483 914 1757 980 separemini.

376 985 438 1029 De
450 983 568 1030 nulla
579 985 757 1049 quidem
768 1005 844 1033 nos
858 987 1048 1033 hominis
1061 997 1271 1051 potestate
1285 988 1606 1051 praesumimus
1621 1003 1769 1050 quam-⁷

373 1053 438 1100 vis
464 1055 614 1119 utique
639 1057 779 1103 multo
804 1058 858 1103 sit
876 1058 1099 1103 honestius
1116 1075 1376 1121 praesumere
1401 1059 1454 1105 de
1470 1056 1759 1122 Imperatori·-

376 1124 478 1181 bus,
497 1143 631 1189 quam
654 1145 922 1191 praesumere
941 1128 994 1174 de
1012 1129 1476 1177 Circumcellionibus,
1498 1143 1764 1207 praesumere

345 1216 350 1219 ·
372 1195 426 1241 de
442 1195 627 1257 legibus,
648 1215 782 1263 quam
799 1217 1065 1264 praesumere
1084 1200 1138 1246 de
1158 1200 1462 1248 seditionibus.
1481 1199 1565 1245 Sed
1583 1198 1761 1245 memini

369 1283 466 1313 mus
498 1270 712 1334 scriptum
748 1288 870 1318 esse.
901 1293 922 1313 c<
943 1271 1204 1318 Maledictus
1228 1273 1369 1318 omnis
1389 1272 1466 1336 qui
1493 1288 1612 1336 spem
1638 1287 1761 1316 suam

373 1338 539 1402 »ponit
565 1340 610 1386 in
634 1341 813 1388 homine
833 1343 866 1390 2.
894 1364 914 1385 ι)
937 1343 1063 1389 Unde
1083 1361 1183 1403 ergo
1222 1344 1546 1407 praesumimus,
1575 1342 1608 1387 si
1631 1340 1763 1388 vultis

370 1427 513 1465 nosse,
540 1411 665 1459 illum
689 1413 895 1474 cogitate,
919 1414 1071 1478 dequo
1092 1415 1316 1478 Propheta
1332 1413 1667 1479 praenuntiavit,
1690 1412 1763 1458 di·-

370 1496 471 1526 Cens
509 1499 520 1526 t
561 1504 582 1524 «
620 1484 884 1530 Adorabunt
914 1502 1014 1531 eum
1053 1503 1201 1531 omnes
1226 1503 1342 1546 reges
1376 1497 1502 1531 terrae
1537 1494 1580 1529 et
1613 1498 1762 1529 omnes

370 1570 390 1592 »
412 1561 557 1610 gentes
592 1554 780 1600 servient
799 1554 864 1600 illi
884 1554 917 1601 3.
941 1577 960 1596 n
1005 1556 1058 1600 Et
1082 1555 1178 1602 ideo
1207 1556 1291 1602 hae
1311 1556 1516 1602 Ecclesiae
1547 1564 1760 1619 potestate

370 1621 562 1679 utimur,
592 1640 723 1687 quain
746 1625 784 1671 ei
813 1626 1028 1671 Dominus
1047 1637 1087 1672 et
1111 1627 1311 1691 promisit
1331 1637 1372 1673 et
1391 1626 1527 1672 dedit.

434 1691 534 1740 VII.
559 1695 849 1759 Imperatores
872 1697 986 1742 enim
1009 1697 1042 1742 si
1069 1697 1115 1743 in
1137 1715 1279 1744 errore
1296 1708 1451 1753 essent,
1473 1694 1594 1760 quod
1622 1694 1753 1750 absit,

366 1779 449 1826 pro
473 1781 616 1811 errore
639 1783 715 1812 suo
740 1778 892 1813 contra
920 1767 1145 1814 veritatem
1179 1768 1290 1829 leges
1324 1768 1508 1824 darent,
1550 1783 1628 1830 per
1650 1778 1759 1830 quas

361 1835 469 1893 justi
488 1846 531 1880 et
554 1837 851 1900 probarentur
872 1849 914 1884 et
935 1850 1270 1894 coronarentur,
1296 1857 1385 1885 non
1409 1837 1610 1885 faciendo
1636 1833 1757 1900 quod

367 1903 667 1965 illijuherent,
693 1909 798 1972 quia
820 1911 936 1955 Deus
953 1910 1224 1973 prohiberet.
1248 1911 1373 1956 Sicut
1393 1913 1579 1969 jusserat
1604 1907 1758 1953 Nabu-

366 1974 660 2034 chodonosor,
689 1991 739 2025 ut
757 1997 885 2025 aurea
914 1991 1054 2025 statua
1072 1980 1353 2034 adoraretur3
1380 1979 1501 2044 quod
1525 1977 1756 2042 quifacere

367 2046 620 2104 noluerunt,
642 2050 732 2095 Deo
751 2051 853 2096 talia
873 2051 1131 2114 prohibenti
1153 2052 1429 2115 placuerunt.
1463 2048 1654 2106 Quando
1681 2063 1756 2093 au-

366 2127 451 2163 tem
480 2119 769 2182 Imperatores
798 2123 1022 2168 zeiitatem
1039 2134 1204 2178 tenent,
1229 2140 1310 2186 pro
1335 2124 1429 2186 ipsa
1455 2122 1635 2166 xeiitate
1650 2135 1753 2165 con-

366 2197 432 2232 tra
457 2191 833 2250 erroremjubent,
851 2193 971 2257 quod
987 2194 1184 2257 quisquis
1205 2192 1530 2257 contempserit,
1555 2192 1646 2255 ipse
1667 2188 1752 2234 sibi

359 2256 580 2318 uiudicium
600 2263 803 2326 acquirit.
837 2265 947 2310 Nam
971 2275 1012 2310 et
1036 2265 1151 2311 inter
1182 2266 1381 2311 homines
1404 2280 1558 2343 poenas
1577 2261 1678 2317 luit,
1708 2268 1749 2304 et

366 2330 487 2392 apud
520 2331 661 2378 Deum
687 2332 873 2380 frontem
895 2352 982 2381 nou
1007 2335 1192 2381 habebit
1217 2337 1346 2399 (42),
1391 2336 1468 2399 qui
1508 2334 1593 2380 hoc
1612 2313 1752 2377 facere

366 2399 510 2446 noluit
531 2402 624 2465 qud
643 2403 681 2449 ei
704 2421 784 2467 per
809 2422 885 2451 cor
907 2406 1015 2466 regis
1046 2406 1140 2469 ipsa
1167 2407 1323 2452 veritas
1336 2374 1482 2465 ‚jussit
1515 2404 1638 2449 Sicut
1660 2402 1752 2465 ipse

366 2469 780 2521 Nabuchodonosor
800 2487 950 2540 postea
967 2477 1178 2523 miraculo
1197 2477 1346 2522 salutis
1359 2476 1491 2522 trium
1509 2487 1747 2538 puerorum

414 2588 424 2612 ¹
448 2591 542 2624 PrOV.
571 2600 602 2630 x,
630 2597 664 2628 4.
691 2608 739 2616 —
755 2591 771 2615 ²
787 2596 908 2630 Jerem.
929 2607 1016 2636 xvu,
1038 2597 1071 2630 5.
1089 2612 1133 2620 —
1151 2593 1165 2618 3
1183 2596 1264 2630 Psal.
1286 2606 1376 2635 mxx,
1405 2606 1459 2629 τι.
