1902 3268
309 273 359 328 ιζ,
699 284 734 314 s.
781 281 1022 320 Ausus‘rmi
1061 281 1278 316 sriscom.

303 348 560 405 habebant:
588 346 661 401 sed
683 358 732 393 ut
755 346 958 410 prodesse
977 345 1061 392 illis
1084 345 1271 410 incipiat
1290 345 1411 409 quod
1437 345 1678 401 habebant,

308 419 532 483 accipiunt
564 418 640 465 hic
663 417 783 482 quod
815 434 904 466 non
938 416 1178 465 habebant.
1215 417 1300 463 Hic
1325 416 1440 463 enim
1460 416 1685 480 accipiunt

308 489 499 544 radicem
525 488 754 535 charitatis
773 488 819 535 iu
841 487 1020 535 vinculo
1047 488 1164 550 pacis
1184 524 1197 544 ‚
1225 498 1268 533 et
1284 488 1330 534 in
1357 487 1560 533 societate
1582 486 1684 533 uni-

309 560 407 617 tatis
431 577 441 605 ε
468 570 516 607 ut
537 575 627 605 non
654 557 709 604 ad
731 557 1058 604 damnationem
1079 594 1090 614 ,
1110 557 1185 604 sed
1210 557 1263 604 ad
1283 557 1582 604 liberationem
1603 556 1687 603 illis

305 629 476 678 valeant
497 628 644 677 onmia
662 666 673 685 ,
700 645 801 692 quae
827 627 995 675 habent
1017 665 1028 684 ‚
1066 639 1334 675 sacramenta
1352 627 1560 676 veritatis.
1589 627 1687 673 Non

307 700 422 756 enim
451 699 613 747 debent
631 699 804 760 gloriari
831 709 1049 745 sarmenta
1068 736 1079 755 ,
1101 698 1205 762 quia
1224 716 1311 745 non
1339 710 1440 745 sunt
1463 698 1689 763 spinarum

306 771 440 833 ligna,
470 769 544 817 sed
570 770 682 819 vitis.
707 770 753 816 Si
772 770 888 816 enim
907 787 994 816 non
1021 770 1067 816 in
1093 769 1239 815 radice
1255 769 1456 826 vixerint,
1482 786 1584 815 cum
1601 779 1691 815 tota

308 842 451 906 specie
475 858 553 888 sua
591 842 638 887 in
677 842 821 902 ignem
861 841 1105 888 mittentur.
1147 841 1210 886 De
1240 840 1510 905 quibusdam
1548 851 1692 889 autem

311 912 442 959 ramis
458 911 608 958 fractis
625 911 734 958 dixit
754 912 988 976 Apostolus
1005 950 1016 969 ‚
1038 934 1057 954 «
1080 911 1195 969 Quia
1218 922 1372 975 potens
1396 922 1458 958 est
1477 911 1594 959 Deus
1617 911 1694 957 ite-

312 999 443 1042 »jrum
466 982 650 1036 inserere
673 982 847 1030 illos1.»
867 985 922 1040 Et
940 983 1058 1042 ideo,
1087 982 1360 1032 dilectissime
1386 982 1517 1030 frater
1532 1020 1543 1038 ‚
1562 997 1697 1045 quos-

312 1069 501 1116 cumque
526 1053 704 1109 illorum
729 1053 888 1108 videris
911 1054 1023 1101 forte
1044 1054 1294 1100 dubitantes
1323 1071 1412 1118 quo
1430 1053 1582 1100 ordine
1601 1069 1697 1098 sus-

312 1124 534 1188 cipiantur
570 1142 594 1170 a
618 1124 777 1179 nobis:
805 1125 982 1174 ostende
1018 1126 1102 1172 illis
1136 1126 1263 1173 istam
1288 1143 1420 1189 quam
1444 1125 1557 1172 bene
1583 1123 1697 1171 nosti

314 1210 493 1249 manum
516 1212 656 1253 meam
676 1232 687 1251 ,
708 1205 750 1240 et
772 1196 806 1241 si
828 1213 920 1242 eam
945 1196 1064 1259 apud
1090 1213 1132 1242 se
1156 1197 1321 1242 habere
1339 1196 1557 1243 voluerint
1574 1233 1586 1251 ,
1612 1195 1697 1240 ha·-

313 1264 476 1320 beant:
507 1265 611 1329 quia
635 1275 786 1321 testem
819 1267 960 1319 Deum
985 1265 1099 1312 facio
1134 1283 1265 1330 super
1298 1267 1486 1313 animam
1524 1282 1664 1312 meam
1684 1301 1694 1319 ‚

315 1335 375 1391 sic
399 1352 469 1391 eos
490 1353 558 1382 me
571 1347 895 1399 suscepturum,
914 1347 1062 1383 utnon
1085 1336 1225 1387 solum
1240 1337 1510 1401 baptismum
1533 1335 1699 1382 Christi

314 1423 446 1470 quem
486 1418 750 1471 acceperunt
768 1445 778 1464 ‚
802 1408 947 1472 ipsum
972 1408 1166 1459 habeant
1185 1446 1196 1467 ‚
1229 1408 1303 1455 sed
1332 1408 1461 1455 etiam
1484 1407 1698 1454 honorem

315 1488 592 1527 sanctimonu
608 1489 651 1524 et
674 1489 971 1532 continentiae.

319 1636 375 1648 m
382 1636 563 1648 mmmm--
571 1636 689 1648 »mx-41
699 1639 710 1646 ι
717 1638 729 1646 =
737 1637 746 1646 =
756 1638 812 1647 ”a
820 1638 871 1648 ssu
880 1638 934 1648 ιιι
946 1639 996 1648 ιι*
1003 1639 1060 1648 *ιτ
1066 1639 1184 1649 §.mss-
1191 1639 1246 1650 ιν·
1254 1639 1307 1651 §vs
1313 1639 1559 1650 mmmmm-nm
1566 1636 1687 1649 §msa-§¹⁶-

783 1747 1048 1798 EPISTULA
1082 1748 1196 1794 LXII
1215 1747 1245 1790 ².

319 1862 493 1904 Domino
515 1862 743 1903 beatissimo
763 1870 802 1900 et
825 1863 1108 1901 venerabiliter
1127 1863 1355 1902 charissimo
1375 1870 1412 1903 et
1441 1864 1704 1903 sincerissimo

372 1924 487 1963 fratri
501 1932 541 1961 et
559 1922 832 1961 consacerdoti
852 1923 1004 1962 SEVERO
1026 1926 1078 1973 (3)
1101 1933 1138 1961 et
1155 1924 1225 1976 qui
1246 1933 1379 1962 tecum
1402 1934 1496 1963 sunt
1511 1925 1705 1965 frutribus

375 1985 552 2035 Attritis,
570 1986 815 2024 Aueus‘rinus
834 1992 872 2022 et
892 1983 1105 2023 SAMSUCHJS
1119 2015 1128 2033 ,
1147 1994 1186 2023 et
1202 1985 1270 2037 qui
1291 1984 1498 2025 nobiseum
1519 1996 1612 2025 sunt
1626 1988 1705 2027 fra-

374 2055 476 2096 tres,
496 2046 535 2085 in
558 2046 732 2084 Domino
755 2044 938 2091 salutem,

325 2168 533 2225 Alypius,
570 2167 849 2224 Augustinus
886 2177 924 2208 et
968 2167 1224 2210 Samsuez'us
1259 2170 1419 2211 Severo
1453 2182 1706 2216 eaeeusantes

571 2249 665 2288 quse
690 2235 736 2274 in
766 2233 983 2276 Timothei
1001 2238 1172 2294 megalio
1191 2248 1309 2295 gesta
1332 2249 1446 2280 sum.

388 2376 425 2432 I.
449 2377 550 2431 Curi
577 2373 823 2427 Subsanam
854 2375 1139 2432 venissemUS,
1170 2387 1210 2421 et
1229 2393 1329 2440 quae
1359 2377 1449 2423 illic
1474 2379 1600 2426 nobis
1624 2382 1706 2426 ab-

320 2444 515 2503 sentibus
539 2455 692 2501 contru
710 2455 901 2501 nostram
931 2445 1199 2492 voluntatem
1226 2458 1339 2507 gesta
1361 2446 1705 2514 fue1‘a11t‚quae—

368 2547 377 2566 ¹
401 2546 493 2586 Boin.
514 2552 540 2576 1,
561 2543 618 2575 23.
639 2560 679 2565 —
699 2540 714 2563 2
730 2543 817 2585 Alias
832 2554 936 2587 cuxu-
958 2555 1027 2586 qna:
1042 2551 1145 2577 autem
1165 2546 1206 2576 62
1230 2552 1306 2583 erat,
1322 2557 1407 2578 nune
1435 2557 1564 2587 192-—
1582 2549 1705 2593 semma

305 2601 385 2633 fune
406 2599 462 2632 sub
480 2597 540 2628 sine
558 2606 598 2627 an
616 2603 688 2633 401,
