1902 3268
337 285 391 316 22
756 286 788 313 ε.
835 283 1076 315 ar‘nrsrtm
1115 284 1316 314 EPISCOPl

334 352 527 398 nondum
551 369 636 397 esse
656 361 900 414 susceptum
930 351 969 395 in
996 350 1302 395 monasterium
1323 369 1333 395 ε
1358 350 1429 396 sed
1450 365 1624 395 causam
1646 349 1710 412 ip-

331 425 418 469 sius
452 422 505 468 ad
539 439 680 467 senem
708 422 929 467 Aurelium
956 421 1075 477 misi,
1107 432 1153 466 ut
1177 421 1293 484 quod
1316 421 1369 466 de
1390 420 1464 466 illo
1482 420 1705 473 statuerit,

331 494 418 540 hoc
445 494 618 539 fficiam.
655 493 793 537 Miror
818 492 931 537 enim
960 502 1105 536 utrum
1122 495 1212 551 jam
1248 501 1387 554 potest
1407 491 1544 537 lector
1567 489 1710 553 depu-

331 566 437 621 tari,
465 564 542 628 qni
572 563 742 608 nonnisi
777 561 906 608 semel
945 562 1191 625 Scripturas
1213 564 1341 608 etiam
1371 579 1457 608 non
1480 561 1711 607 canonicas

330 635 446 695 legit.
498 634 543 679 Si
573 634 687 678 enim
725 643 955 697 propterea
975 636 1068 692 jam
1099 632 1172 677 ille
1205 633 1342 679 lector
1368 632 1709 688 ecclesiasticus,

329 705 527 769 profecto
551 714 591 750 et
614 704 688 750 illa
726 704 955 767 Scriptura
976 702 1264 750 ecclesiastica
1289 714 1364 750 est.
1397 705 1442 750 Si
1471 713 1614 750 autem
1636 702 1711 748 illa

332 777 561 840 Scriptura
585 775 872 821 ecclesiastica
889 792 977 820 non
1003 785 1064 820 est
1082 811 1092 830 ‚
1112 774 1310 838 quisquis
1328 792 1425 832 eam
1443 774 1641 839 quamvis
1665 773 1711 820 in

330 847 522 893 Ecclesia
547 846 725 906 legerit,
757 846 1072 892 ecclesiasticus
1095 845 1232 891 lector
1251 863 1337 891 non
1363 856 1438 894 est.
1465 847 1629 891 Tamen
1657 845 1712 892 de

326 918 409 963 isto
446 915 715 963 adolescente
731 953 741 973 ,
769 916 890 980 qnod
915 925 1153 962 memorato
1183 915 1365 963 antistiti
1387 917 1528 964 visum
1552 915 1710 973 fuerit,

327 989 415 1035 hoc
433 999 607 1053 oportet
626 989 868 1035 observem.

397 1060 470 1107 lv.
505 1059 637 1105 Plebs
661 1070 803 1105 autem
829 1059 1105 1120 Vigesilitana
1124 1098 1135 1118 ‚
1165 1061 1394 1108 vobiscum
1412 1059 1540 1107 nobis
1558 1059 1603 1106 in
1622 1058 1712 1106 vis-

332 1131 503 1177 ceribus
539 1130 703 1175 Christi
736 1130 1022 1183 charissinm,
1062 1131 1094 1177 si
1138 1133 1396 1196 episcopum
1433 1131 1479 1177 in
1515 1130 1712 1195 plenario

332 1201 521 1248 Africae²
565 1201 752 1247 concilio
787 1201 1075 1262 degradatum
1102 1204 1318 1268 suscipere
1359 1203 1572 1258 noluerit,
1610 1218 1713 1248 sano

331 1272 475 1336 capite
507 1271 662 1330 facie-t,
692 1283 733 1318 et
759 1290 838 1318 nec
859 1273 955 1333 cogi
977 1283 1144 1336 potest,
1170 1292 1248 1320 nec
1269 1273 1414 1320 debet.
1446 1275 1501 1319 Et
1519 1273 1714 1338 quisquis

329 1361 422 1389 eam
442 1341 653 1389 violenter
678 1344 897 1403 coegerit,
923 1343 1117 1390 ostendet
1142 1344 1283 1409 qualis
1297 1345 1373 1398 sit3
1396 1354 1437 1390 et
1456 1344 1594 1408 qualis
1616 1354 1716 1389 ante

327 1413 460 1460 fuerit
478 1451 488 1469 ‚
517 1413 694 1476 quando
713 1414 767 1460 de
789 1431 831 1460 se
850 1414 963 1460 nihil
989 1414 1091 1460 mali
1114 1416 1233 1462 credi
1258 1415 1462 1469 volebat,
1491 1414 1619 1461 faciet
1640 1415 1714 1461 in·-

330 1483 478 1543 telligi,
502 1484 657 1530 Nullus
671 1484 784 1530 enim
806 1485 866 1531 sic
879 1485 1084 1549 proditur
1101 1487 1275 1550 qualem
1295 1503 1468 1534 causam
1487 1485 1710 1541 habuerit,

332 1571 463 1618 quam
481 1554 552 1599 illc
572 1555 741 1618 quiper
761 1556 987 1602 saeculares
1010 1567 1266 1619 potestates,
1296 1557 1363 1604 vel
1386 1555 1601 1620 quaslibet
1615 1556 1714 1602 vio-

331 1625 511 1680 lentias,
540 1642 642 1671 cum
664 1627 997 1689 perturbatione
1033 1638 1075 1673 et
1098 1628 1272 1692 quercla
1309 1638 1494 1674 conatur
1526 1627 1716 1690 recipere

334 1698 544 1742 honorem
561 1735 571 1754 ‚
600 1714 728 1760 quem
753 1698 960 1761 perdidit.
994 1699 1093 1744 Non
1109 1700 1204 1746 vult
1222 1700 1336 1745 enim
1358 1698 1519 1746 volenti
1539 1699 1715 1744 Christo

337 1768 493 1814 servire
509 1806 519 1825 ‚
559 1768 631 1814 scd
670 1768 931 1815 Christianis
970 1770 1218 1816 nolentibus
1247 1769 1479 1816 dominari.
1524 1773 1714 1825 Fratres,

337 1840 453 1884 cauti
482 1849 626 1886 estote.
658 1840 852 1886 Multum
877 1851 1043 1887 astutus
1068 1852 1129 1887 est
1157 1841 1382 1898 diabolus,
1418 1839 1491 1887 sed
1516 1840 1716 1886 Christus

339 1909 419 1954 Dei
450 1909 668 1972 Sapientia
689 1921 762 1956 est.

390 2009 398 2030 ¹
419 2007 604 2051 Carthagin.
629 2011 679 2041 13.
695 2008 860 2054 Septemb.
881 2020 933 2043 an.
955 2015 1033 2047 [μη.
