1902 3268
605 259 656 289 ιιι
665 256 815 288 mora
853 258 981 287 xcm
1404 238 1491 290 185

109 342 198 394 quo
229 326 428 387 cogitur,
460 335 607 371 utrum
634 325 801 370 bonum
828 342 881 370 ιιι
908 322 1070 370 malum
1102 339 1113 369 ε
1142 326 1227 369 noti
1259 338 1347 388 quo
1373 324 1490 388 quis-

108 415 193 464 que
218 397 362 443 bonus
394 396 528 459 possit
564 412 650 441 esse
685 396 875 447 invitus,
915 394 988 440 sed
1018 393 1211 440 timendo
1242 393 1361 471 quod
1404 411 1491 440 non

111 467 206 514 vult
253 466 337 531 pati
363 503 373 522 ,
416 465 482 511 vel
529 465 741 529 relinquit
786 464 1095 529 impedientem
1144 464 1489 518 animositatem,

115 539 181 586 vel
208 539 445 598 ignoratam
469 536 746 600 compellitur
784 552 1044 596 cognoscere
1077 535 1299 582 veritatem
1318 572 1328 591 ‚
1363 545 1408 581 ut
1437 535 1495 580 ti-

118 626 235 656 mens
272 608 339 654 vel
379 618 554 672 respuat
592 607 746 653 falsum
769 645 779 662 ‚
838 607 892 653 de
930 623 1019 671 quo
1057 605 1380 659 contendebam
1424 605 1491 652 vel

117 690 286 744 (inanit
320 696 498 732 ver,um
535 678 654 743 quod
694 679 945 733 nesciebat,
985 688 1026 723 et
1056 677 1204 722 volens
1240 680 1492 736 teneatJam

115 750 230 814 quod
257 734 708 813 nolebrt.Supe1ssuo
738 750 824 795 hoc
854 748 1032 794 fortasse
1059 747 1277 793 diceretur
1304 746 1493 810 quibus-

113 821 221 867 libet
252 821 418 876 xerbis,
457 821 489 865 si
529 837 613 865 non
653 830 738 865 tam
779 819 926 865 multis
957 818 1254 864 ostenderetur
1288 816 1493 880 exemplis

117 893 213 938 Non
239 891 335 937 illos
357 902 431 937 aut
460 891 554 936 illos
574 890 790 947 homines,
813 889 886 935 sed
911 889 1070 936 multis
1085 888 1281 934 civitates
1299 887 1499 933 videmus

113 962 242 1008 fuisse
271 961 516 1007 Donatistas
537 998 548 1015 ‚
587 977 705 1006 nunc
737 978 823 1006 esse
843 959 1083 1007 catholicas
1100 996 1111 1015 ,
1138 958 1338 1004 detestari
1361 957 1496 1003 vehe-

115 1043 280 1078 menter
304 1031 571 1078 diabolicam
603 1031 916 1094 separationem
932 1067 943 1086 ‚
979 1029 1158 1089 diligere
1176 1028 1377 1075 ardenter
1398 1028 1499 1073 uni-

114 1113 262 1150 tatem.
294 1104 406 1160 Quae
446 1114 591 1149 tamen
631 1103 796 1148 timoris
828 1103 986 1163 liujus,
1023 1101 1099 1165 qui
1141 1100 1223 1146 tibi
1261 1098 1492 1164 displicet,

115 1174 420 1220 occasionibus
447 1173 679 1219 catholicae
703 1172 832 1219 factae
865 1183 965 1218 sunt
995 1189 1074 1236 per
1101 1171 1212 1232 leges
1249 1172 1498 1235 Imperato-

117 1261 241 1300 rum,
276 1262 299 1290 a
338 1244 625 1290 Constantino
660 1243 780 1308 apud
815 1260 944 1307 quem
982 1243 1177 1306 primum
1214 1242 1343 1288 vestri
1387 1241 1499 1287 ultro

116 1315 404 1361 Caecilianum
423 1325 765 1371 accusaverunt,
797 1331 933 1378 usque
960 1313 1014 1359 ad
1039 1323 1274 1376 praesentes
1303 1313 1498 1376 Impera-

118 1397 231 1432 tores
247 1423 257 1439 ‚
285 1386 358 1450 qui
378 1385 596 1446 judicium
625 1385 764 1441 illius,
787 1402 918 1449 quem
945 1384 1073 1431 vestri
1095 1383 1346 1444 elegerunt3
1370 1400 1499 1446 quem

113 1456 342 1517 judicibus
373 1456 590 1520 episcopis
625 1457 949 1520 praetulerunt,
982 1455 1218 1515 justissime
1252 1463 1402 1501 contra
1427 1471 1504 1501 vos

119 1527 453 1574 custodiendum
472 1544 558 1573 esse
580 1527 835 1573 decernunt.

186 1598 328 1645 XVII.
360 1599 440 1644 His
466 1615 567 1658 ergo
589 1598 794 1662 exemplis
816 1617 837 1644 a
859 1597 1036 1658 collegis
1070 1598 1173 1643 meis
1199 1596 1309 1643 mihi
1335 1612 1505 1676 propo-

122 1669 213 1715 sitis
228 1669 345 1715 cessi.
378 1670 487 1714 Nam
511 1686 603 1715 mea
626 1669 831 1732 primitus
855 1669 1065 1714 sententia
1089 1684 1176 1713 non
1197 1677 1304 1722 erat,
1326 1666 1408 1712 nisi
1430 1683 1504 1712 ne-

123 1739 284 1786 minem
322 1739 377 1785 ad
410 1740 617 1785 unitatem
646 1739 810 1784 Christi
838 1756 926 1784 esse
951 1738 1223 1802 cogendum,
1255 1737 1391 1783 xerbo
1417 1753 1503 1782 esse

125 1809 359 1870 agendum,
387 1809 684 1873 disputatione
703 1808 1013 1873 pugnandum,
1036 1808 1202 1855 ratione
1219 1807 1501 1863 vincendum,

126 1897 178 1926 ne
197 1881 320 1926 fictos
346 1880 588 1926 catholicos
620 1880 879 1926 haberemus
896 1917 906 1935 ,
941 1896 1053 1943 quos
1082 1890 1252 1943 apertos
1274 1878 1505 1924 haereticos

125 1968 398 1998 noveramus,
436 1952 519 1997 Sed
547 1952 646 1997 baec
670 1951 819 2014 opinio
843 1967 937 1996 mea
954 1988 965 2005 ‚
995 1967 1084 1996 non
1110 1949 1505 1996 contradicentium

127 2021 294 2077 verbis,
319 2022 391 2067 sed
415 2021 807 2068 demonstrantium
835 2021 1125 2085 superabatur
1148 2019 1367 2083 exemplis.
1394 2020 1504 2065 Nam

127 2093 271 2157 primo
309 2092 419 2138 mihi
452 2092 762 2156 opponebatur
797 2092 951 2138 civitas
986 2108 1111 2147 mea,
1151 2108 1252 2154 quae
1287 2107 1389 2136 cum
1415 2087 1505 2136 tota

127 2173 234 2209 esset
271 2163 315 2208 in
340 2173 464 2227 parte
496 2163 684 2219 Donati,
722 2162 774 2208 ad
807 2163 1018 2209 unitatem
1055 2161 1320 2208 catholicam
1354 2161 1509 2207 timore

129 2234 272 2295 legum
308 2234 599 2299 imperialium
626 2251 831 2281 conversa
865 2245 958 2290 est,
985 2251 1118 2298 quam
1156 2249 1274 2279 nunc
1309 2232 1508 2279 videmus

131 2304 191 2352 ita
213 2305 348 2366 hujus
369 2316 521 2351 vestra-2
547 2305 708 2351 animo
700 2307 831 2351 itatis
862 2305 1100 2369 perniciem
1132 2303 1356 2362 detestari,
1391 2313 1440 2350 ut
1462 2303 1508 2349 in

132 2392 181 2421 ea
197 2392 421 2455 nunquam
447 2375 576 2421 fuisse
605 2375 823 2423 credatur.
859 2378 926 2421 lta
950 2375 1045 2421 aliae
1075 2373 1227 2420 multae
1243 2390 1378 2437 ,quae
1401 2372 1512 2419 mihi

133 2447 388 2493 nominatim
405 2446 880 2503 commemorabantm,
902 2457 950 2493 ut
968 2446 1074 2511 ipsis
1087 2442 1242 2492 rebus
1235 2461 1510 2507 agnoscerem

135 2518 262 2565 etiam
301 2518 343 2564 in
380 2518 463 2564 hac
499 2535 625 2565 eausa
651 2528 764 2565 recte
801 2517 981 2579 intelligi
1012 2534 1139 2582 posse
1157 2516 1279 2583 quod
1298 2517 1510 2581 scriptum
