1902 3268
325 285 417 342 480
733 302 766 331 s.
812 301 1050 332 Atet'srmi
1089 301 1290 332 EPISCOPI

325 383 402 412 nos
425 381 510 411 csse
528 363 571 411 in
589 382 638 411 eo
658 365 775 412 bono
802 366 878 411 ubi
903 366 1072 412 nullum
1090 367 1309 429 patiemur
1333 366 1510 415 malum.
1538 368 1593 414 Et
1611 368 1698 414 hoc

324 435 500 500 quidem
522 435 723 482 ultimum
737 435 857 498 quod
871 435 914 481 in
935 435 1153 482 dominica
1173 437 1382 484 Oratione
1404 439 1592 501 positum
1616 449 1694 494 est,

325 517 413 552 tam
434 507 519 552 late
547 516 681 569 patet,
704 515 753 551 ut
777 505 911 550 homo
934 506 1210 552 Christianus
1227 507 1273 552 in
1290 508 1488 570 qualibet
1511 508 1699 554 tribula-

324 576 440 623 tione
464 577 726 622 constitutus
752 575 795 621 in
828 575 916 621 hoc
943 576 1125 636 gemitus
1149 576 1272 634 edat,
1296 578 1342 623 in
1365 579 1452 624 hoc
1484 578 1699 642 lacrymas

321 646 476 693 fundat
499 683 510 703 ,
538 647 643 692 hinc
665 645 930 703 exordiatur,
958 646 1001 692 in
1020 647 1107 693 hoc
1124 647 1399 706 immoretur,
1428 648 1483 695 ad
1502 648 1588 694 hoc
1609 659 1699 694 ter-

323 717 459 763 minet
481 718 735 764 orationem.
764 716 842 762 His
859 718 973 763 enim
987 718 1131 764 verbis
1154 734 1218 764 res
1236 718 1352 783 ipsas
1369 718 1590 765 memoriae
1605 736 1702 765 nos-

324 799 402 834 trae
416 788 713 834 commendari
737 788 982 852 oportebat.

389 860 534 906 XXII.
568 859 677 905 Nam
702 857 912 918 quaelibet
939 858 1018 905 alia
1043 859 1177 905 verba
1201 859 1423 918 dicamus,
1448 877 1549 925 quae
1569 863 1701 909 affec-

325 941 392 976 tus
413 930 575 975 orantis
591 929 659 975 vel
677 929 965 992 praecedendo
986 929 1145 977 format
1166 942 1215 977 ut
1241 930 1402 978 clareat
1419 969 1430 988 ‚
1455 932 1523 978 vel
1545 949 1703 980 conse-

324 999 498 1064 quendo
526 998 712 1045 attendit
745 1010 793 1045 ut
819 1010 1010 1056 crescat,
1050 1000 1161 1046 nihil
1202 1001 1317 1047 aliud
1353 1001 1539 1048 dicimus
1567 1020 1701 1067 quam

322 1069 444 1134 quod
468 1071 512 1115 in
532 1070 610 1115 ista
639 1068 860 1116 dominica
878 1069 1089 1116 Oratione
1109 1071 1301 1134 positum
1328 1083 1419 1129 est,
1457 1072 1490 1118 si
1512 1083 1627 1120 recte
1660 1085 1702 1120 et

322 1151 610 1201 congruenter
634 1157 820 1187 oramus,
861 1140 1070 1204 Quisquis
1093 1152 1236 1188 autem
1273 1142 1318 1188 id
1353 1142 1462 1188 dicit
1490 1143 1610 1206 quod
1645 1144 1702 1190 ad

320 1211 444 1257 istam
472 1211 765 1271 evangelicam
790 1228 965 1274 precem
999 1212 1215 1275 pertinere
1238 1229 1325 1258 non
1342 1213 1510 1276 possit,
1536 1214 1702 1260 etiamsi

321 1299 409 1328 non
428 1282 578 1328 illicite
603 1293 725 1339 orat,
761 1282 993 1328 carnaliter
1022 1293 1116 1329 orat
1138 1301 1149 1329 :
1173 1283 1294 1347 quod
1322 1284 1465 1330 nescio
1488 1285 1702 1347 quemad—

319 1352 500 1399 modum
526 1370 614 1398 non
638 1352 809 1399 dicatur
829 1353 997 1410 illicite,
1019 1354 1378 1419 quandoquidem
1396 1355 1554 1418 spiritu
1579 1373 1701 1402 rena-

320 1434 384 1470 tos
408 1423 578 1469 nonnisi
602 1423 854 1487 spiritaliter
880 1423 1003 1470 decet
1023 1442 1160 1472 orare.
1192 1425 1280 1482 Qui
1303 1425 1416 1471 enim
1442 1425 1550 1472 dicit
1578 1427 1702 1473 verbi

320 1494 457 1555 gratia
475 1530 485 1549 ,
510 1514 529 1534 α
546 1493 797 1540 Clarificare
813 1493 859 1540 in
889 1495 1094 1540 omnibus
1118 1495 1336 1555 gentibus,
1359 1495 1472 1542 sicut
1489 1495 1700 1543 clarifica·

321 1587 341 1607 »
362 1576 429 1610 tus
447 1581 489 1610 es
510 1564 555 1609 in
573 1563 732 1610 nobis1
753 1601 764 1618 ‚
789 1586 809 1605 ›>
832 1575 896 1621 et,
922 1585 941 1606 α
965 1565 1200 1629 Prophetae
1220 1565 1283 1612 tui
1301 1565 1448 1611 fideles
1471 1565 1699 1613 invenian-

320 1657 341 1678 »
368 1636 465 1681 tur2
489 1653 538 1680 ε»
559 1634 667 1698 quid
698 1634 819 1680 aliud
849 1635 957 1681 dicit
981 1652 1138 1698 quam,
1167 1657 1187 1677 ε(
1205 1635 1514 1682 Sanctificetur
1541 1653 1702 1682 nomen

319 1708 506 1751 »tuumP
529 1727 548 1746 »
574 1703 694 1761 Quid
710 1704 844 1761 dicit,
865 1726 886 1747 «
903 1707 1019 1751 Deus
1045 1705 1259 1751 virtutum
1286 1716 1492 1751 converte
1526 1722 1605 1752 nos
1624 1743 1636 1763 ,
1659 1717 1701 1753 et

319 1798 341 1820 »
361 1775 538 1822 ostende
560 1775 714 1821 faciem
739 1786 858 1821 tuam
877 1812 889 1832 ,
927 1787 968 1821 et
1001 1775 1107 1822 salvi
1137 1776 1298 1822 erimus
1315 1776 1363 1821 ³:
1389 1798 1409 1818 »
1441 1775 1550 1841 quid
1580 1776 1701 1824 aliud

319 1845 429 1893 dicit
446 1862 576 1909 quam
592 1881 602 1901 ‚
624 1866 644 1887 «
664 1845 820 1892 Veniat
844 1863 1024 1906 regnum
1046 1856 1167 1892 tuum
1185 1849 1203 1892 Ρ
1222 1868 1242 1888 »
1260 1845 1346 1903 Qui
1367 1845 1492 1903 dicit,
1510 1846 1700 1893 «Itinera

320 1939 341 1960 »
359 1934 453 1962 mea
477 1915 613 1975 dirige
637 1914 879 1961 secundum
904 1916 1086 1962 verbum
1119 1927 1244 1962 tuum
1261 1952 1271 1971 ,
1298 1926 1340 1961 et
1364 1932 1416 1961 ne
1450 1915 1700 1962 dominetur

318 1987 442 2033 »mei
465 1987 604 2032 omnis
628 1985 866 2048 iniquitas*
891 2004 902 2031 ε
929 2008 950 2028 »
974 1986 1082 2049 quid
1109 1985 1227 2032 aliud
1250 1985 1358 2031 dicit
1381 2003 1532 2049 quam,
1563 2007 1584 2027 α
1605 1987 1701 2032 Fiat

321 2057 559 2103 »voluntas
597 2066 672 2101 tua
695 2056 808 2100 sicut
843 2056 888 2101 in
927 2055 1041 2101 coelo
1072 2066 1114 2101 et
1151 2055 1195 2100 in
1229 2058 1405 2101 terraP»
1441 2055 1530 2112 Qui
1565 2055 1700 2111 dicit,

320 2148 342 2170 «
365 2130 671 2190 Paupertatem
692 2136 734 2171 et
759 2125 932 2171 divitias
955 2142 1008 2171 ne
1031 2124 1198 2171 dederis
1216 2124 1327 2170 mihi
1342 2124 1359 2153 5
1386 2142 1396 2169 :
1418 2124 1560 2188 »quid
1580 2124 1700 2170 aliud

320 2196 429 2244 dicit
465 2212 626 2260 quam,
671 2215 691 2236 α
714 2196 877 2241 Panem
915 2205 1114 2241 nostrum
1139 2194 1447 2258 quotidianum
1483 2193 1540 2240 da
1572 2194 1701 2240 nobis

321 2266 544 2313 »hodie‘?›>
561 2265 651 2323 Qui
673 2264 798 2321 dicit,
828 2287 847 2307 «
866 2268 1088 2311 Memento
1106 2265 1291 2310 Domine
1310 2264 1473 2321 David,
1497 2275 1539 2310 et
1560 2264 1700 2311 omnis

321 2359 342 2381 >2
367 2336 710 2383 mansuetudinis
728 2339 818 2395 ejus
834 2337 851 2364 ⁶
876 2353 887 2381 ε
912 2357 932 2378 >2
959 2346 1064 2393 aut,
1091 2357 1111 2377 «
1138 2335 1348 2389 Domine,
1378 2335 1412 2381 si
1435 2334 1517 2381 feci
1547 2333 1664 2381 istud
1684 2371 1695 2391 ,

322 2429 343 2451 ›>
361 2408 394 2454 si
420 2418 481 2454 est
512 2407 716 2470 iniquitas
740 2407 785 2452 in
813 2407 1015 2453 manibus
1043 2406 1146 2452 meis
1164 2443 1175 2463 ,
1200 2406 1232 2451 si
1255 2405 1426 2452 reddidi
1449 2405 1699 2451 retribuen-

322 2479 476 2525 »tibus
500 2477 612 2523 mihi
642 2477 784 2523 mala7
806 2495 816 2523 :
835 2499 854 2520 n
878 2476 985 2541 quid
1011 2476 1130 2523 aliud
1156 2476 1265 2522 dicit
1283 2492 1413 2540 quam
1430 2512 1441 2533 ,
1470 2496 1491 2518 «
1518 2475 1700 2522 Dimitte

370 2580 380 2604 ¹
396 2577 493 2612 Eccli.
514 2588 626 2620 xxxvr,
643 2583 674 2615 4.
688 2595 733 2601 -
752 2576 766 2599 ‘²
786 2576 872 2611 ibid.
897 2579 949 2610 18.
966 2595 1009 2602 —
1025 2575 1039 2599 ³
1056 2577 1137 2610 Psal.
1155 2587 1268 2620 unx,
1286 2583 1319 2614 4.
1337 2593 1382 2602 —-
1398 2574 1410 2599 ⁴
1426 2575 1474 2610 Id.
1493 2587 1608 2618 cxvxu,
1623 2587 1697 2618 ruz,

326 2637 404 2669 133.
426 2652 468 2660 —
486 2632 500 2657 ⁶
519 2636 615 2667 Prov.
634 2643 707 2671 xxx,
732 2634 762 2666 S.
785 2651 826 2658 —-
847 2630 861 2654 6
875 2633 957 2665 Pul.
979 2643 1088 2673 cxxxi,
1112 2644 1142 2668 1.
1160 2650 1205 2658 —
1222 2630 1237 2654 ⁷
1254 2632 1305 2665 Id.
1323 2637 1436 2677 v11‚4.
