1902 3268
319 296 414 360 476
743 314 782 343 s.
822 314 1067 347 AUGUSTINI
1101 317 1304 348 nrtscom

386 377 504 425 XVI.
534 378 649 425 Hinc
675 389 736 427 θεῖ
754 389 795 425 θῖ
813 379 944 435 illud;
971 403 990 421 α
1010 382 1148 428 Petite
1168 394 1207 428 ct
1229 384 1450 448 accipietis
1469 403 1480 431 ι
1499 385 1700 449 quierite9

320 469 342 490 ›>
357 459 399 494 et
420 449 645 496 invenietis
666 468 675 496 ε
704 449 870 513 pulsate
890 487 900 506 ‚
928 462 968 496 et
989 452 1209 514 aperietur
1233 455 1373 502 vobis.
1404 456 1560 502 Omnis
1586 456 1703 502 enim

322 519 434 583 »qui
460 521 570 583 petit
591 520 753 583 accipit
774 557 784 576 ‚
811 530 853 565 et
877 537 1075 584 quaerens
1093 523 1259 569 invenit
1279 561 1289 580 ‚
1316 536 1356 570 et
1380 527 1574 589 pulsanti
1600 544 1703 590 ape·

321 610 343 633 2>
362 591 510 638 rietur.
548 592 634 637 Aut
654 590 750 654 quis
774 601 836 636 est
859 608 906 636 ex
933 591 1057 638 vobis
1080 592 1215 638 homo
1240 631 1250 650 ‚
1279 612 1302 640 a
1337 613 1425 659 quo
1452 597 1565 642 filius
1602 613 1704 643 suus

319 681 339 703 »
358 678 517 725 panem
542 662 679 725 petit,
698 661 916 726 numquid
937 661 1133 726 lapidem
1158 665 1346 727 porrigit
1365 666 1403 712 ei
1422 668 1437 711 Ρ
1456 677 1529 712 aut
1553 667 1585 712 si
1608 667 1702 729 pis-

320 752 342 775 »
360 749 452 778 cem
480 733 620 796 petit,
658 732 874 797 numquid
907 744 1149 796 serpentem
1190 735 1376 798 porrigit
1415 736 1515 783 illi?
1563 748 1638 783 aut
1670 737 1704 782 si

318 823 339 845 »
363 819 495 850 ovum
531 804 674 867 petit,
702 803 920 867 numquid
946 803 1132 866 porrigit
1160 804 1197 850 ei
1233 806 1493 869 scorpium?
1522 806 1566 851 Si
1602 823 1703 867 ergo

316 893 339 915 ›>
363 889 436 919 vos
451 909 461 929 ,
492 889 594 920 cum
613 874 702 920 sitis
721 873 822 919 mali
842 910 852 929 ‚
880 874 1014 919 nostis
1029 874 1144 919 bona
1166 873 1269 920 data
1289 875 1392 921 dare
1418 876 1516 922 filiis
1531 877 1698 934 vestris,

316 964 338 986 ›>
358 953 524 1008 quanto
545 945 679 1004 magis
704 945 833 990 Pater
852 955 990 991 vester
1010 944 1198 991 coelestis
1220 945 1345 992 dabit
1363 947 1480 993 bona
1504 947 1698 1011 petenti-

316 1034 337 1056 »
357 1013 441 1059 bus
460 1013 527 1059 se1
550 1016 605 1060 ἓ»
627 1017 739 1060 Cum
768 1031 868 1074 ergo
891 1014 1130 1060 secundum
1155 1015 1234 1062 tria
1257 1015 1330 1062 illa
1351 1034 1450 1080 quae
1476 1034 1702 1063 commen-

315 1082 392 1130 dat
419 1084 653 1147 Apostolus
674 1122 685 1141 ,
712 1084 819 1130 fides
855 1084 1124 1144 significetur
1148 1086 1192 1131 in
1231 1086 1349 1148 pisce
1368 1125 1378 1142 ,
1412 1087 1482 1134 vel
1518 1099 1702 1152 propter

314 1171 475 1219 aquam
495 1155 724 1220 baptismi,
748 1155 816 1202 vel
837 1155 960 1219 quod
985 1156 1030 1201 in
1054 1156 1188 1216 hujus
1214 1157 1365 1203 saeculi
1386 1158 1597 1204 fluctibus
1628 1160 1701 1204 in-

313 1235 431 1286 tegra
451 1237 539 1284 est3
566 1227 637 1274 cui
664 1228 908 1273 contrarius
931 1237 993 1272 est
1009 1226 1081 1272 ille
1103 1244 1279 1291 serpens
1294 1265 1304 1283 ‚
1332 1229 1409 1291 qui
1431 1239 1479 1274 ut
1503 1246 1591 1274 non
1611 1245 1702 1274 cre-

314 1296 488 1344 deretur
522 1298 613 1345 Deo
636 1336 646 1354 ‚
685 1315 896 1345 venenosa
921 1297 1076 1344 fraude
1099 1299 1309 1362 persuasit
1333 1316 1342 1344 :
1368 1317 1463 1363 spes
1497 1300 1542 1346 in
1579 1317 1661 1346 ovo
1684 1337 1695 1357 ‚

312 1368 416 1432 quia
435 1369 523 1416 vita
548 1369 659 1433 pulli
679 1369 877 1416 nondum
901 1379 989 1426 est,
1011 1368 1084 1416 sed
1107 1369 1256 1416 futura
1282 1380 1344 1416 est
1361 1408 1371 1426 ‚
1407 1387 1485 1417 nec
1511 1374 1603 1431 jam
1630 1371 1700 1417 vi-

311 1438 464 1496 detur,
486 1440 560 1487 sed
586 1440 733 1487 adhuc
756 1449 988 1504 speratur3
1020 1457 1114 1503 spes
1139 1440 1254 1486 enim
1280 1457 1381 1504 quae
1402 1440 1593 1497 videtur,
1612 1458 1700 1487 non

309 1520 372 1557 est
391 1528 516 1575 spes;
539 1512 611 1557 cui
629 1511 875 1558 contrarius
893 1521 956 1557 est
975 1511 1172 1573 scorpius
1192 1548 1202 1565 ,
1227 1511 1432 1574 quoniam
1458 1513 1532 1575 qui
1557 1521 1699 1575 sperat

309 1591 515 1628 aeternam
534 1582 685 1637 vitam,
712 1599 814 1645 quae
838 1592 953 1627 retro
985 1592 1085 1627 sunt
1116 1581 1391 1628 obliviscitur
1407 1619 1417 1638 ,
1440 1593 1482 1628 et
1502 1582 1547 1628 in
1570 1594 1695 1628 ante-

308 1652 423 1698 riora
446 1669 488 1698 se
506 1653 698 1700 extendit
714 1653 759 1709 23
784 1653 856 1698 cui
887 1652 1064 1698 noxium
1083 1663 1144 1698 est
1172 1662 1286 1698 retro
1305 1653 1518 1716 respicere
1537 1673 1548 1707 ;
1574 1670 1698 1700 scor-

307 1723 407 1787 pius
429 1735 573 1770 autem
591 1743 638 1771 ex
657 1742 704 1771 ea
730 1734 855 1787 parte
873 1723 1091 1770 cavendus
1109 1734 1188 1779 est,
1225 1740 1356 1787 quam
1384 1735 1643 1770 venenatam
1658 1735 1699 1770 θῖ

308 1794 550 1841 aculeatam
572 1807 809 1843 retrorsum
835 1795 971 1841 habet
1007 1812 1017 1840 z
1055 1794 1248 1841 charitas
1267 1832 1277 1849 ‚
1313 1795 1358 1840 in
1386 1813 1527 1858 pane:
1558 1799 1696 1855 major

307 1866 424 1911 enim
450 1865 612 1913 horum
630 1866 820 1913 charitas
839 1866 856 1894 3
877 1903 887 1920 ‚
914 1876 956 1912 et
978 1865 1024 1911 in
1058 1865 1170 1911 cibis
1196 1865 1347 1929 utique
1371 1866 1509 1912 vincit
1536 1877 1693 1912 caetera

306 1936 433 2000 panis
461 1937 653 1992 utilitas;
694 1938 767 1984 cui
805 1937 1050 1983 contrarius
1081 1947 1142 1982 est
1172 1936 1309 2000 lapss,
1348 1936 1555 2000 quoniam
1587 1936 1697 1982 dura

307 2007 438 2054 corda
484 2020 699 2072 respuunt
742 2009 1004 2055 charitatem
1049 2026 1059 2053 :
1100 2008 1187 2053 sive
1226 2007 1343 2053 aliud
1383 2008 1549 2071 aliquid
1587 2026 1697 2054 con-

304 2078 529 2136 gruentius
566 2080 645 2125 ista
679 2079 956 2140 significent,
998 2091 1143 2124 tamen
1178 2078 1256 2141 qui
1284 2078 1406 2124 novit
1440 2079 1558 2124 bona
1594 2079 1695 2125 data

303 2146 408 2194 dare
421 2149 523 2196 filiis
537 2150 642 2206 suiS‚
660 2166 807 2214 petere
829 2167 906 2196 nos
926 2161 966 2195 et
989 2166 1180 2213 quaerere
1205 2161 1246 2194 et
1268 2149 1439 2212 pulsare
1450 2150 1689 2213 compellit.

368 2219 511 2269 XVII.
543 2221 674 2279 Quod
698 2238 835 2285 quare
860 2220 993 2267 faciat
1011 2258 1021 2276 ‚
1047 2220 1121 2283 qui
1144 2221 1267 2266 novit
1288 2257 1298 2276 ‚
1329 2221 1438 2283 quid
1461 2221 1589 2266 nobis
1614 2238 1692 2266 ne-

301 2291 534 2337 cessarium
549 2292 620 2349 sit,
646 2292 902 2356 priusquam
924 2303 1126 2356 petamus
1144 2292 1199 2336 ab
1221 2308 1287 2348 eo,
1304 2308 1478 2337 movere
1494 2293 1691 2337 animum

306 2371 475 2424 potest,
503 2363 583 2409 nisi
611 2363 904 2424 intelligamus
928 2363 1048 2428 quod
1075 2362 1288 2408 Dominus
1315 2373 1356 2407 et
1389 2364 1503 2408 Deus
1541 2374 1687 2409 noster

307 2447 396 2476 non
414 2432 681 2480 voluntatem
704 2445 894 2480 nostram
921 2434 1002 2480 sibi
1022 2434 1124 2480 velit
1143 2433 1407 2479 innotescere
1423 2471 1433 2489 ‚
1454 2451 1584 2498 quam
1603 2451 1691 2480 nou

306 2511 450 2564 potest
484 2503 711 2564 ignorare;
748 2505 820 2551 sed
845 2505 1028 2551 exerceri
1054 2504 1099 2550 in
1128 2504 1402 2550 orationibus
1426 2503 1691 2550 desiderium

303 2582 520 2631 nostrum,
541 2592 629 2638 quo
644 2577 858 2639 possimus
871 2593 1027 2640 capere
1046 2575 1166 2639 quod
1187 2585 1409 2639 praeparat
1431 2575 1547 2622 dare.
1573 2574 1690 2622 Ill-„ti

349 2657 358 2679 ¹
379 2658 457 2690 Luc.
474 2668 525 2700 xr,
543 2668 574 2699 9,
589 2664 620 2690 et
637 2669 726 2702 seqq.
751 2678 791 2683 —
810 2658 825 2681 2
843 2662 934 2693 Rom.
954 2670 1027 2698 vm,
1049 2664 1103 2696 24.
1122 2675 1166 2683 -—
1186 2656 1199 2681 3
1217 2670 1229 2690 x
1255 2660 1327 2690 Cor.
1353 2668 1426 2694 xm,
1448 2659 1501 2692 13,
