1902 3268
307 281 332 324 ὃ
728 296 763 324 s.
807 294 1052 324 Aucusrlm
1090 296 1293 325 EPlsCOPI

371 361 427 406 ll.
458 364 506 405 ln
529 360 613 405 hoc
631 375 731 417 ergo
745 370 819 404 tuo
842 359 954 406 facto
974 371 1013 405 te
1029 360 1252 419 cognitum
1273 361 1554 425 Ι(ιιῃρΙεεεῑθῐιε,
1575 363 1690 409 exul-

304 431 389 476 tavi
418 442 461 475 ut
490 430 728 489 gratularer
752 430 833 474 tibi
865 431 908 475 in
935 431 1110 476 Christo
1146 431 1249 476 Jesu
1290 433 1476 478 Domino
1511 445 1685 490 nostro,

301 501 468 564 tibique
491 501 570 545 lias
595 500 895 560 gratulatorias
920 501 1084 546 litteras
1111 502 1344 559 mitterem,
1365 503 1688 568 qualecumque

298 573 512 634 specimen
538 571 681 616 cordis
708 581 749 615 et
773 572 928 616 amoris
945 589 1041 631 erga
1069 583 1108 617 te
1132 574 1214 618 mei
1237 591 1247 618 2
1280 591 1420 637 neque
1447 573 1560 620 enim
1592 592 1688 619 am-

295 642 411 702 plius
431 642 571 704 potui:
604 641 688 686 Sed
714 657 861 704 quaeso
886 658 938 686 ne
962 652 1010 686 tu
1046 641 1261 687 hactenus
1287 643 1506 707 quidquid
1548 654 1589 689 te
1613 644 1685 689 di—

294 713 381 771 ligo
412 712 599 757 metiaris
624 730 633 756 :
670 711 906 775 perlectam
943 712 1075 757 transi
1100 712 1216 758 hanc
1239 712 1466 775 epistolam
1500 713 1687 760 transitu

295 783 520 828 invisibili.
538 784 610 846 qui
630 783 745 828 intus
760 784 825 831 fit.
842 794 882 827 et
898 800 1026 845 perge
1046 783 1280 842 cogitando
1292 783 1334 828 in
1350 795 1503 847 pectus
1520 802 1684 839 meum,

295 864 336 899 et
355 870 480 898 cerne
494 853 600 915 quid
624 853 712 897 illic
734 853 787 898 de
813 864 851 898 te
878 864 1043 912 agatur.
1083 854 1258 899 Patebit
1276 854 1391 899 enim
1413 855 1543 901 oculo
1571 856 1683 902 cha-

299 924 434 969 ritatis
465 923 723 969 cubiculum
748 923 1004 980 charitatis,
1039 924 1159 987 quod
1202 924 1446 971 claudimus
1481 925 1685 973 adversus

297 1012 433 1054 nugas
470 994 758 1039 tumultuosas
783 994 960 1051 saeculi,
991 1011 1091 1040 cum
1119 995 1207 1040 illic
1240 1000 1380 1041 Deum
1417 995 1679 1043 adoramus:

299 1077 339 1111 et
357 1065 524 1110 videbis
548 1065 610 1110 ibi
629 1065 803 1110 delicias
820 1065 1104 1111 laetitiaemeae
1118 1066 1171 1112 de
1187 1077 1274 1112 tam
1301 1067 1419 1113 bono
1433 1085 1562 1131 opere
1586 1079 1679 1126 tuo,

301 1153 407 1198 quas
431 1153 509 1181 nec
531 1135 677 1196 lingua
701 1137 838 1191 ellari„
864 1154 944 1182 nec
971 1137 1083 1199 stylo
1107 1139 1342 1200 exprimere
1363 1138 1509 1195 valeo,
1533 1138 1682 1185 calen-

306 1217 363 1250 tes
383 1217 511 1268 atquc
531 1206 759 1265 flagrantes
782 1207 825 1251 in
844 1207 1056 1252 sacrificio
1077 1207 1217 1253 laudis
1229 1212 1334 1267 ejus,
1351 1209 1682 1273 quoinspirante

298 1276 384 1321 lioe
427 1276 624 1332 voluisti,
657 1287 699 1322 et
730 1294 818 1340 quo
858 1277 1093 1337 adiuvante
1131 1279 1326 1341 potuisti.
1377 1280 1552 1326 Gratias
1590 1281 1679 1327 Deo

293 1365 423 1410 super
445 1347 727 1392 inenarrabili
751 1347 866 1393 dono
884 1352 990 1407 ers.

356 1420 437 1464 ill.
468 1423 507 1463 Ο
525 1436 656 1481 quam
680 1418 918 1464 multorum
945 1429 1087 1463 tecum
1113 1419 1276 1482 pariter
1300 1428 1565 1477 senatorum,
1593 1439 1679 1484 pa-

286 1489 477 1552 riterque
494 1500 655 1535 sanctae
678 1490 884 1535 Ecclesiae
912 1489 1117 1544 filiorum,
1147 1490 1226 1535 tale
1247 1507 1357 1553 opus
1380 1491 1677 1539 desideramus

284 1561 328 1605 in
358 1560 522 1616 Africa,
554 1560 607 1606 de
634 1561 754 1624 quali
781 1573 855 1607 tuo
898 1562 1113 1608 laetamur.
1147 1561 1231 1607 Sed
1264 1561 1359 1607 illos
1380 1562 1675 1625 periculosum

285 1642 347 1678 est
376 1632 623 1684 exhortari,
666 1632 746 1678 tibi
785 1649 985 1678 securum
1022 1643 1085 1678 est
1127 1633 1436 1693 congratulari.
1465 1633 1535 1679 Illi
1559 1635 1672 1680 enim

283 1704 394 1749 forte
411 1720 495 1748 non
510 1703 687 1758 sacient,
713 1714 754 1749 et
781 1714 989 1767 tanquam
1007 1721 1084 1749 nos
1097 1703 1138 1749 in
1158 1704 1303 1749 animo
1323 1720 1471 1748 eorum
1490 1704 1676 1750 vicerint

283 1774 451 1819 inimici
477 1774 704 1828 Ecclesiae,
727 1775 998 1838 decipiendis
1037 1774 1576 1823 insidiabunturinfirmis.
1604 1776 1672 1821 Tu

282 1862 383 1892 vero
415 1849 507 1905 jam
543 1846 705 1900 fecisti,
744 1846 859 1892 unde
884 1846 1049 1892 inimici
1087 1845 1294 1891 Ecclesiae
1327 1845 1522 1891 liberatis
1561 1863 1672 1892 con—

281 1915 522 1962 fundantur
558 1917 755 1964 infirmis.
803 1917 994 1962 Proinde
1017 1916 1209 1962 sufficere
1229 1915 1369 1962 visum
1395 1926 1483 1973 est,
1507 1926 1552 1962 ut
1578 1916 1671 1980 ipse

284 1987 446 2049 quibus
472 1987 710 2033 christiano
732 1991 831 2046 jure
847 1988 1057 2050 potueris,
1081 1986 1221 2032 amica
1235 1986 1398 2032 fiducia
1411 1986 1537 2032 istam
1554 1988 1668 2050 epis·

282 2058 414 2103 tolam
448 2058 574 2118 legas.
618 2060 690 2105 Sic
715 2059 827 2105 enim
853 2077 899 2104 ex
924 2070 1000 2104 tuo
1030 2058 1144 2105 facto
1185 2059 1274 2104 fieri
1302 2058 1495 2121 possein
1522 2059 1667 2106 Africa

278 2128 472 2181 credent,
499 2129 618 2192 quod
648 2129 758 2175 sorte
789 2129 895 2175 dum
914 2141 1072 2193 putant
1092 2129 1185 2175 fieri
1213 2147 1300 2175 non
1322 2146 1461 2192 posse,
1495 2129 1666 2193 pigres-

277 2210 397 2245 cunt.
445 2199 637 2261 Insidias
656 2211 797 2246 autem
828 2218 936 2263 quas
966 2201 1050 2264 ipsi
1081 2200 1276 2246 haeretici
1315 2199 1499 2246 distorto
1533 2201 1665 2248 corde

276 2269 533 2315 moliuntur.
567 2271 776 2331 quoniam
802 2271 873 2316 risi
909 2288 979 2317 eos
1003 2270 1234 2317 arbitratos
1258 2271 1398 2317 valere
1427 2271 1593 2334 aliquid
1618 2272 1663 2318 in

280 2341 542 2403 possessione
562 2342 744 2395 Christi,
766 2343 910 2388 animo
924 2353 1018 2398 tuo,
1037 2360 1116 2388 nec
1137 2342 1324 2388 scribere
1341 2341 1474 2387 Volui.
1502 2341 1661 2389 Audies

279 2422 421 2456 tamen
441 2411 539 2456 hau:
560 2431 579 2457 a
606 2412 815 2459 fratribus
839 2414 964 2469 meis,
997 2431 1105 2477 quos
1123 2413 1366 2476 plurimum
1396 2413 1658 2459 commendo

280 2482 626 2533 eximietatituze,
649 2502 701 2528 ne
725 2485 767 2529 in
797 2495 884 2529 tam
905 2503 1059 2546 magna
1078 2497 1253 2551 tamque
1278 2486 1502 2549 inopinata
1521 2487 1658 2534 salute

272 2552 521 2610 hominum,
539 2555 592 2600 de
610 2555 772 2619 quibus
787 2574 864 2619 per
879 2567 917 2602 te
936 2558 1164 2604 (Iatliolica
1188 2568 1321 2603 mater
1338 2558 1515 2612 exultat,
1534 2576 1655 2622 sper-

273 2624 507 2670 nemetiam
535 2626 752 2688 superflua
777 2638 1025 2674 metuentes.
