1902 3268
617 304 829 337 Eris'roLA
865 306 1032 339 cxxvu.
1416 296 1509 361 449

142 384 250 435 quos
265 372 415 418 mortis
435 372 586 419 timore
601 372 843 435 suscipiunt
862 389 873 417 :
892 382 1043 419 etcum
1063 374 1240 422 omnino
1254 393 1341 422 non
1358 377 1518 438 eligant

142 440 274 487 vitam
295 442 419 488 finire
437 459 488 489 ne
506 441 706 498 doleant,
734 441 807 488 sed
824 441 970 490 dolere
986 461 1039 490 ne
1063 444 1247 503 finiant,
1277 446 1436 493 accidit
1457 448 1516 494 eis

142 520 192 556 ut
225 509 400 558 doleant
431 523 473 558 et
508 512 694 559 finiant:
723 529 810 558 non
833 512 972 560 solum
998 514 1101 578 quia
1137 526 1180 561 et
1207 516 1344 562 sanati
1362 517 1512 581 utique

141 580 275 626 vitam
294 581 452 628 finiunt
480 593 578 646 post
602 582 770 628 dolores
789 619 800 639 ,
828 599 928 646 quae
952 585 1082 630 tantis
1100 585 1245 648 poenis
1264 597 1517 651 comparata

142 666 221 697 nec
254 653 514 716 sempiterna
537 670 625 700 esse
643 663 786 717 potest
803 690 814 710 ,
845 654 948 717 quia
973 655 1166 701 mortalis
1196 666 1280 710 est;
1305 675 1385 704 nec
1416 657 1521 705 diu-

143 730 298 779 turna,
322 723 424 786 quia
451 734 539 770 tota
566 725 710 771 brevis
734 735 817 782 est3
845 741 923 770 nec
944 724 997 770 de
1021 725 1117 789 ipso
1140 726 1264 772 brevi
1289 728 1429 791 spatio
1452 729 1520 775 sui

141 807 290 837 secura
308 829 320 846 ‚
340 793 443 856 quia
472 811 640 857 semper
662 796 828 840 incerta
850 805 913 839 est
934 811 945 838 ι
973 795 1254 840 verumetiam
1280 796 1402 860 quod
1435 797 1519 843 ali-

139 861 319 926 quando
347 880 440 909 eam
465 863 615 911 dolore
644 865 874 921 finierunt,
903 881 1034 928 quam
1067 882 1120 911 ne
1145 865 1344 926 finirent,
1377 866 1522 915 dolere

142 931 388 982 voluerunt.

205 1005 289 1051 III.
313 1005 459 1051 Habet
479 1005 609 1051 etiam
629 1004 716 1051 hoc
737 1021 942 1066 magnum
968 1005 1150 1064 malum,
1178 1025 1228 1054 ac
1244 1008 1519 1058 vehementer

139 1075 426 1122 execrandum
439 1086 483 1122 et
496 1076 765 1122 horrendum
783 1076 941 1123 nimius
961 1093 1083 1123 arnor
1108 1078 1210 1125 vitae
1233 1078 1373 1137 istius,
1396 1080 1518 1145 quod

139 1144 267 1192 multi
295 1145 402 1192 dum
429 1146 583 1193 volunt
617 1147 752 1211 paulo
783 1147 948 1194 diutius
972 1149 1114 1195 vivere
1131 1186 1142 1206 ,
1171 1150 1358 1209 graviter
1384 1152 1523 1198 offen-

140 1215 253 1263 dunt
287 1218 426 1263 Deum
443 1254 454 1274 ‚
483 1217 599 1281 apud
636 1234 763 1281 quem
800 1228 861 1264 est
883 1217 979 1264 fons
1001 1218 1119 1266 vitae.
1158 1224 1305 1284 Atque
1328 1220 1389 1266 ita
1411 1220 1520 1269 dum

141 1286 198 1333 ab
217 1287 275 1332 eis
292 1286 452 1334 frustra
468 1324 479 1344 ‚
509 1287 585 1351 qui
618 1287 853 1334 necessario
881 1288 1055 1335 futurus
1081 1299 1144 1334 est
1169 1290 1269 1337 vitae
1297 1291 1394 1337 finis
1422 1308 1520 1339 me-

141 1356 310 1414 tuitur,
341 1357 464 1404 illinc
499 1357 821 1421 prohibentur,
860 1359 939 1404 ubi
973 1358 1062 1404 sine
1097 1359 1183 1405 fine
1206 1360 1382 1408 vivitur.
1417 1360 1518 1408 Huc

140 1427 310 1474 accedit
337 1427 439 1491 quia
473 1429 562 1474 vita
598 1428 749 1474 misera
787 1428 952 1474 etiamsi
992 1439 1135 1492 posset
1162 1447 1248 1477 esse
1278 1442 1517 1495 perpetua,

139 1497 262 1543 nullo
292 1497 424 1543 modo
450 1497 593 1544 beatae
627 1498 729 1544 vitae
755 1499 885 1544 etiam
924 1498 1189 1546 brevissimae
1222 1501 1521 1565 comparanda

139 1578 226 1614 est:
242 1578 285 1614 et
299 1578 443 1615 tamen
459 1568 529 1615 isti
552 1569 739 1617 amando
759 1570 1041 1616 miserrimam
1062 1570 1518 1634 atquebrevissimam,

140 1637 334 1702 perdunt
355 1639 645 1685 beatissimam
665 1657 715 1685 ac
741 1640 1045 1702 sempiternam
1064 1659 1075 1693 ;
1104 1656 1206 1686 cum
1227 1640 1272 1686 in
1292 1641 1483 1706 hacipsa
1499 1679 1513 1700 ,

138 1725 272 1774 quam
292 1709 404 1757 male
427 1709 617 1770 diligunt
634 1746 645 1766 ‚
675 1710 760 1756 hoc
780 1710 913 1756 velint
937 1710 1057 1774 quod
1072 1711 1116 1756 in
1139 1710 1271 1757 altera
1290 1712 1481 1776 perdunt
1500 1728 1512 1759 :

139 1780 244 1844 quia
268 1779 420 1844 utique
442 1780 487 1826 in
507 1780 585 1826 ista
602 1797 681 1826 nec
699 1780 910 1826 miseriam
936 1780 1143 1843 diligunt,
1167 1799 1268 1828 nam
1289 1782 1406 1830 beati
1427 1801 1516 1831 esse

138 1848 319 1906 volunt,
342 1866 422 1896 nec
442 1850 718 1905 brevitatem,
746 1867 845 1896 nam
873 1867 968 1896 eam
991 1850 1108 1896 finiri
1132 1851 1312 1907 nolunt3
1345 1862 1515 1902 tantum

140 1919 243 1984 quia
275 1921 362 1967 vita
387 1931 479 1977 est,
515 1921 575 1967 sic
600 1931 770 1966 amatur
787 1957 797 1976 ‚
825 1931 874 1966 ut
896 1938 1012 1985 saepe
1033 1932 1217 1985 propter
1244 1940 1338 1969 eam
1375 1924 1513 1987 (licet

138 1989 336 2037 miseram
361 2001 404 2036 et
424 1991 625 2053 brevem)
651 1991 778 2037 beata
800 2002 841 2037 et
861 1991 1121 2055 sempiterna
1145 1992 1384 2042 amittatur.

204 2060 278 2108 lV.
309 2061 388 2108 His
409 2061 704 2118 consideratis,
737 2061 845 2125 quid
869 2078 1076 2122 magnum
1095 2063 1184 2108 vita
1209 2073 1369 2110 aeterna
1383 2065 1512 2132 Jubet

140 2132 406 2178 amatoribus
439 2133 524 2178 suis
542 2169 553 2189 ‚
588 2148 688 2178 cum
719 2149 761 2178 se
787 2133 916 2192 jubet
943 2132 1004 2178 sic
1034 2133 1194 2191 amari,
1221 2135 1511 2197 quemadmo-

139 2201 246 2248 dum
271 2201 371 2248 haec
401 2212 574 2248 amatur
598 2220 620 2247 a
645 2202 760 2248 suis?
788 2204 854 2248 An
874 2219 975 2249 vero
998 2201 1181 2263 dignum
1199 2215 1259 2250 est
1278 2204 1344 2251 vel
1368 2204 1513 2253 feren-

139 2272 264 2329 dum,
282 2289 385 2319 cum
401 2283 739 2318 contemnuntur
756 2274 916 2331 omnia,
937 2289 1036 2336 quae
1055 2274 1309 2320 amanturin
1325 2276 1509 2335 mundo,

139 2354 190 2391 ut
204 2343 292 2391 vita
316 2354 415 2407 post
438 2343 668 2407 paululum
696 2343 910 2400 finienda,
939 2342 1087 2389 saltem
1113 2343 1257 2407 ipsum
1282 2345 1513 2409 paululum

139 2424 337 2460 teneatur
359 2415 404 2460 in
431 2413 621 2473 mundo;
645 2424 687 2460 et
709 2431 796 2460 non
816 2413 1110 2460 contemnitur
1132 2414 1341 2472 mundus,
1362 2428 1411 2464 ut
1435 2418 1515 2464 ob-

140 2484 328 2531 tineatur
350 2484 440 2531 vita
458 2521 470 2541 ‚
497 2501 597 2548 quae
621 2484 710 2530 sine
739 2485 823 2530 fine
855 2482 973 2547 apud
1004 2482 1129 2529 illum
1166 2495 1256 2542 est,
1286 2504 1365 2550 per
1384 2505 1517 2552 quem

139 2553 281 2601 factus
313 2566 377 2602 est
409 2554 634 2602 mundus?
672 2553 809 2601 Modo
839 2569 940 2600 cum
966 2552 1060 2616 ipsa
1082 2552 1224 2601 Roma
1243 2554 1518 2605 domicilium

141 2622 363 2672 clarissimi
398 2625 576 2690 Imperii
619 2624 853 2672 barbarico
877 2633 1118 2672 vastaretur
1151 2622 1358 2685 incursu‚
1386 2646 1519 2693 quam

303 2712 449 2744 (invi.
1331 2715 1390 2761 ²9
