1902 3268
336 286 424 335 282
756 304 790 334 s.
835 302 1076 334 mensum
1113 301 1317 333 nptscom

329 365 622 432 ligionemque
644 368 921 430 compelleres
939 405 948 421 ‚
970 366 1312 413 libenteraudivi
1331 404 1341 421 ,
1363 383 1463 413 cum
1488 368 1709 414 coelestem

333 438 519 499 patriam
545 437 795 483 intuendam
819 454 905 481 esse
929 437 1152 485 suaderes.
1176 447 1391 495 gratanter
1413 438 1577 500 accepi.
1609 439 1709 482 Non

333 508 445 552 enim
471 508 586 552 illam
609 507 715 552 mihi
733 507 952 551 civitatem
975 507 1119 551 dicere
1135 506 1337 552 videbare
1355 544 1365 562 ,
1387 526 1517 571 quam
1535 507 1712 554 muralis

337 576 494 638 aliquis
527 594 657 639 gyrus
683 581 878 633 coercet,
914 594 991 621 nec
1012 577 1127 621 illem
1153 614 1159 622 .
1189 593 1319 638 (piam
1343 577 1711 640 philosophorum

338 657 546 694 tractatus
592 647 861 694 mundanam
907 665 1148 693 memorans
1197 664 1471 692 communem
1509 648 1714 693 omnibus

336 719 598 781 profitetur:
627 717 699 764 sed
732 735 865 781 quam
892 735 1073 777 magnus
1099 718 1213 763 Deus
1230 754 1239 772 ,
1269 728 1310 762 et
1334 718 1444 763 bene
1468 719 1633 764 meritae
1661 717 1715 763 de

335 806 385 834 eo
405 790 561 835 animae
582 789 787 835 habitant
811 799 939 852 atque
963 788 1191 844 incolunt,
1216 805 1347 851 quam
1370 805 1485 833 omes
1503 788 1614 848 leges
1643 787 1716 833 di-

336 859 466 905 versis
484 860 563 905 viis
579 870 620 905 et
644 859 895 905 tramitibus
922 870 1160 922 appetunt,
1179 875 1309 921 quam
1329 858 1548 921 loquendo
1571 858 1718 922 expris-

335 945 451 974 mere
473 946 558 975 non
584 946 839 994 possumus,
875 930 1110 989 cogitando
1135 929 1313 975 forsitan
1344 929 1539 975 invenire
1564 946 1717 992 posse-

339 1016 493 1047 semus,
542 1001 649 1047 Haec
679 1017 779 1059 ergo
821 999 922 1046 licet
962 1000 1265 1063 principaliter
1304 999 1551 1062 appetenda
1590 1009 1720 1062 atque

340 1068 558 1129 diligenda
585 1071 664 1124 sit3
698 1081 842 1117 tamen
866 1070 983 1116 illam
1005 1088 1093 1117 non
1117 1071 1307 1116 arbitror
1331 1069 1635 1123 deserendam,
1674 1068 1721 1114 in

342 1156 429 1202 qua
460 1141 548 1186 nati
573 1151 614 1186 et
637 1140 770 1201 geniti
800 1156 948 1187 sumus
971 1157 981 1185 :
1003 1156 1104 1203 quae
1136 1140 1279 1203 prima
1305 1140 1431 1185 nobis
1462 1156 1586 1189 usum
1611 1138 1723 1187 lucis

342 1208 475 1269 hujus
493 1210 680 1265 infudit,
708 1227 808 1274 quae
831 1210 936 1255 aluit
955 1247 965 1263 ‚
997 1226 1099 1273 quae
1117 1209 1345 1262 educavit,
1372 1220 1414 1254 et
1438 1219 1487 1254 ut
1518 1207 1636 1272 quod
1669 1206 1724 1253 ad

341 1296 512 1327 causam
531 1281 922 1345 propriepertinet,
943 1280 1106 1336 dicam,
1129 1280 1183 1326 de
1198 1297 1283 1343 qua
1298 1280 1408 1325 bene
1427 1280 1588 1324 meritis
1600 1278 1720 1334 viris,

342 1350 581 1398 doctissimi
607 1353 803 1398 homines
822 1352 993 1408 ferunt,
1015 1363 1114 1415 post
1135 1352 1307 1397 obitum
1331 1350 1530 1413 corporis
1548 1350 1591 1396 in
1611 1349 1724 1395 coelo

342 1420 612 1470 domicilium
631 1423 888 1486 praeparari,
906 1433 954 1468 ut
970 1422 1189 1485 promotio
1199 1420 1401 1485 qufedam
1422 1420 1475 1468 ad
1491 1436 1726 1483 supernam

345 1504 600 1556 praestetur,
621 1494 690 1540 his
704 1494 926 1540 ominibus
945 1530 955 1548 ,
974 1494 1050 1557 qui
1069 1493 1179 1539 bene
1193 1494 1247 1538 de
1265 1491 1525 1552 genitalibus
1542 1490 1729 1537 urbibus

345 1575 625 1618 merueruntg
652 1575 693 1610 et
718 1564 765 1610 hi
790 1564 922 1623 magis
944 1580 1044 1609 cum
1075 1564 1164 1609 Deo
1193 1562 1418 1617 habitent,
1448 1561 1524 1624 qui
1546 1560 1729 1611 salutem

350 1634 543 1688 dedisse,
586 1646 662 1681 aut
696 1634 909 1688 consiliis,
948 1644 1021 1679 aut
1052 1633 1261 1696 operibus
1283 1631 1437 1695 patriae
1469 1630 1723 1677 doceantur.

349 1709 445 1751 Jam
473 1705 582 1752 illud
619 1705 738 1769 quod
770 1705 1025 1765 joculariter
1061 1703 1263 1763 dignatus
1294 1719 1336 1748 es
1369 1701 1537 1755 dicere,
1566 1700 1732 1752 Urbem

349 1787 541 1823 nostram
566 1795 655 1823 non
688 1777 816 1823 arinis
833 1813 843 1831 ,
879 1775 955 1821 sed
979 1775 1166 1822 flammis
1187 1772 1487 1836 incendiisque
1517 1771 1699 1831 flagrare
1717 1806 1729 1826 ,

348 1859 390 1893 et
409 1847 554 1911 spinas
581 1848 716 1908 magis
739 1847 988 1906 ingenerare
1007 1862 1140 1908 quam
1163 1844 1288 1891 flores
1307 1880 1318 1898 ,
1356 1859 1444 1891 nou
1464 1852 1527 1891 est
1547 1841 1734 1891 maxima

350 1918 633 1982 reprehensio
651 1956 661 1973 ,
687 1935 788 1964 cum
809 1917 996 1963 sciamus
1016 1917 1141 1962 flores
1159 1933 1207 1961 ex
1234 1914 1370 1978 spinis
1393 1912 1654 1976 plerumque
1666 1928 1736 1971 ge·

350 1989 506 2035 nerari.
541 1990 651 2034 Nam
672 2000 714 2034 et
731 2005 846 2034 rosas
870 2005 918 2033 ex
938 1988 1074 2050 spinis
1095 1986 1214 2046 gigni
1231 1986 1329 2048 quis
1348 1983 1527 2030 dubitat
1545 2019 1556 2038 ,
1576 1993 1619 2032 et
1637 1981 1738 2033 fru-

351 2077 421 2119 ges
456 2059 571 2122 ipsas
604 2061 831 2105 aristarum
864 2058 978 2104 vallo
1008 2057 1170 2121 sepiri,
1217 2057 1276 2102 ita
1316 2065 1365 2102 ut
1402 2054 1562 2118 asperis
1587 2052 1738 2103 suavia

354 2129 614 2194 plerumque
634 2132 911 2175 misceantur.
938 2151 957 2170 υ

422 2202 502 2247 lll.
534 2222 552 2242 α
574 2202 847 2246 Postremum
876 2199 957 2244 fuit
981 2199 1024 2244 in
1052 2197 1226 2243 Litteris
1255 2195 1522 2260 praestantiae
1548 2204 1636 2240 tuae
1653 2209 1739 2241 non

354 2283 489 2337 caput
521 2283 595 2318 aut
627 2272 878 2331 sanguinem
904 2270 946 2315 in
974 2269 1180 2315 Ecclesiae
1216 2266 1426 2331 postulari
1469 2265 1736 2321 vindictam,

352 2344 425 2392 sed
446 2344 608 2408 quibus
633 2343 762 2388 rebus
798 2341 980 2387 maxime
1005 2349 1207 2386 metuunt
1230 2337 1498 2403 spoliandos.
1538 2340 1628 2397 Ego
1657 2352 1741 2384 tiu-

352 2418 471 2477 tem(
491 2415 569 2461 nisi
592 2431 658 2460 me
679 2414 829 2477 opinio
853 2412 991 2473 fallit)
1012 2411 1073 2458 sic
1099 2411 1306 2462 arbitror,
1331 2408 1505 2469 gravius
1522 2424 1610 2453 esse
1634 2423 1742 2470 spo-

354 2488 450 2536 liari
467 2485 753 2532 facultatibus
770 2522 779 2535 ,
797 2501 930 2547 quam
952 2482 1114 2529 occidi.
1141 2480 1367 2544 Siquidem
1392 2478 1515 2543 quod
1533 2477 1742 2541 frequen-

352 2569 495 2607 tatum
522 2556 568 2607 in
598 2555 772 2603 Litteris
797 2554 909 2604 nosti
927 2591 939 2609 „
977 2570 1092 2601 mors
1119 2551 1334 2604 malorum
1370 2550 1567 2600 omnium
1600 2546 1741 2602 aufert

353 2645 523 2677 sensum
538 2664 547 2682 ‚
561 2636 750 2688 egestosa
764 2626 851 2672 vita
866 2635 1072 2671 aeternam
1093 2625 1207 2687 parit
1225 2620 1515 2669 calamitatem
1539 2636 1551 2665 ε
1572 2617 1744 2679 gravius
