1902 3268
361 322 456 380 418
766 336 801 365 S.
845 334 1093 367 AUG-Uanl
1129 332 1332 366 ΕΡιεοοΡΙ

362 402 550 459 ribunt'?
568 401 625 448 Et
647 401 683 447 si
717 416 807 446 non
831 400 1035 458 credunt,
1061 399 1286 464 quomodo
1325 415 1413 445 non
1436 399 1680 463 peribunt?
1698 399 1745 447 Si

362 484 545 538 propter
585 481 730 536 patres
766 470 856 516 sine
883 486 961 516 suo
992 471 1148 517 merito
1173 470 1435 530 diliguntur,
1460 471 1683 534 quomodo
1704 480 1747 517 et

360 554 544 609 propter
560 553 705 607 patres
726 557 816 587 non
829 540 1134 598 salvabuntur,
1157 540 1229 586 sed
1253 541 1331 586 etsi
1352 541 1513 587 fuerint
1531 543 1647 599 Noe,
1661 541 1748 588 Da·

362 615 467 673 niel,
489 625 531 661 et
554 613 644 660 Job
655 612 703 659 in
721 611 868 658 medio
889 612 1078 669 eorum1,
1098 612 1194 658 filos
1211 611 1371 675 impios
1387 628 1475 658 non
1499 613 1745 671 salvabunt,

362 685 443 733 soli
462 685 568 733 salvi
591 685 752 731 erunt?
772 704 792 726 »

430 758 535 805 XII.
562 757 782 815 QUAEsrio
811 755 870 801 de
904 755 1082 802 ColosS.
1110 771 1164 811 11,
1214 755 1283 801 16.
1321 781 1380 789 —-
1400 773 1421 795 c<
1446 753 1609 802 Adhuc
1632 753 1752 801 aliud

364 828 593 875 obscurius
616 828 727 874 mihi
744 843 845 873 erue
858 826 911 872 de
930 825 1171 890 profundo,
1199 836 1241 871 et
1263 826 1309 871 in
1332 824 1494 872 vadum
1508 824 1671 889 profer.
1699 826 1752 871 Iri

365 900 564 963 Epistola
589 898 912 944 Colossensium
937 897 1116 942 omnino
1146 895 1397 956 intielligere
1430 913 1520 941 non
1554 913 1750 959 possum,

364 969 488 1033 quod
507 969 584 1026 ait,
604 989 627 1011 ι(
643 968 782 1015 Nemo
808 984 882 1014 vos
908 967 1104 1024 seducat,
1127 966 1276 1014 volens
1299 970 1345 1013 in
1361 966 1610 1013 humilitate
1631 977 1673 1013 et
1689 983 1755 1013 re·-

362 1062 383 1083 »
412 1040 572 1101 ligione
597 1038 881 1100 Angelorum,
908 1055 1010 1101 quae
1037 1056 1126 1085 non
1151 1038 1286 1093 vidit;
1308 1037 1555 1095 ambulans,
1594 1038 1755 1084 frustra

362 1134 384 1155 >›
404 1111 583 1157 inflatus
598 1126 724 1156 sensu
747 1109 889 1155 carnis
902 1125 1009 1165 suae,
1033 1119 1075 1153 et
1094 1126 1181 1154 non
1200 1120 1349 1154 tenens
1366 1119 1529 1172 caput:
1547 1129 1568 1150 >>
1586 1108 1641 1154 de
1658 1108 1755 1172 qui-

363 1182 447 1228 bus
468 1181 627 1242 angelis
642 1179 780 1226 dicit?
806 1178 908 1225 side
927 1178 1115 1224 inimicis
1138 1189 1182 1224 et
1201 1178 1343 1235 malis,
1360 1195 1462 1242 quae
1477 1178 1654 1224 illorum
1678 1194 1754 1223 re-

364 1253 488 1313 ligio,
516 1262 591 1299 aut
608 1268 710 1315 quae
729 1249 974 1305 humilitas,
1014 1249 1171 1327 etquis
1191 1249 1246 1295 sit
1272 1249 1475 1309 magister
1493 1248 1760 1294 seductionis

362 1324 519 1403 lruJ'us,
556 1323 634 1387 qui
653 1339 731 1400 per
752 1322 985 1368 obtentum
1004 1320 1148 1366 nescio
1183 1324 1312 1381 cujus
1335 1319 1541 1380 angelicae
1576 1319 1759 1379 religio-

366 1395 453 1451 nis,
480 1393 604 1457 quasi
621 1393 714 1440 visa
739 1402 781 1438 et
808 1408 986 1454 compe1
991 1401 1032 1436 ta
1053 1391 1208 1437 doceat
1234 1407 1336 1455 quae
1352 1407 1441 1436 non
1464 1389 1632 1437 vidit2?
1659 1389 1763 1436 Sine

367 1465 506 1512 dubio
523 1464 740 1520 haeretici,
760 1462 840 1527 qui
859 1462 1082 1508 doctrinas
1108 1462 1429 1508 daemoniorum
1451 1472 1493 1507 et
1516 1471 1761 1524 sequuntur

368 1547 411 1583 et
425 1546 657 1600 promunt,
679 1533 903 1597 conceptis
931 1533 987 1578 ab
1007 1550 1157 1580 eorum
1178 1533 1336 1597 spiritu
1353 1532 1757 1589 adinventionibus,

369 1624 470 1671 quae
487 1624 575 1653 non
599 1605 806 1653 viderunt
839 1604 1163 1668 phantasmata,
1206 1604 1331 1668 quasi
1357 1605 1446 1652 visa
1467 1605 1694 1664 fingenteS,
1721 1612 1762 1649 et

370 1676 584 1742 pestiferis
620 1674 997 1739 disputationibus
1030 1674 1077 1720 in
1107 1674 1238 1721 corde
1270 1674 1383 1720 male
1425 1673 1603 1720 credula
1629 1673 1762 1720 semi-

372 1758 541 1804 nantes,
564 1747 613 1793 hi
638 1756 740 1792 sunt
764 1745 840 1809 qui
865 1762 954 1790 non
968 1755 1117 1791 tenent
1140 1756 1302 1809 caput,
1347 1744 1395 1791 id
1418 1755 1502 1802 est,
1529 1743 1764 1791 Christum

375 1818 539 1866 fontem
553 1816 761 1872 veritatis,
790 1818 915 1876 cujus
929 1815 1144 1882 doctrinae
1166 1814 1389 1880 quidquid
1411 1814 1680 1871 adversatur,
1698 1814 1765 1860 in·-

377 1905 531 1935 sanum
562 1898 638 1935 est.
669 1888 724 1933 Et
747 1885 797 1932 hi
831 1886 939 1932 caeci
969 1885 1104 1932 duces
1140 1901 1380 1943 caecorum,
1406 1883 1460 1931 de
1491 1884 1652 1948 quibus
1677 1882 1768 1930 dici

379 1971 512 2024 puto:
538 1963 650 2005 «Me
674 1957 999 2021 dereliquerunt
1018 1958 1183 2004 fontem
1213 1974 1340 2020 aquae
1365 1957 1478 2003 vivae
1494 1967 1536 2002 et
1563 1955 1768 2005 foderunt

383 2052 404 2073 »
424 2031 508 2077 sibi
530 2031 651 2076 lacus
674 2028 903 2086 con-tritos,
931 2029 1008 2091 qui
1027 2045 1118 2074 non
1143 2039 1288 2074 tenent
1308 2044 1465 2090 aquam
1485 2027 1518 2073 3.
1544 2047 1565 2069 »

448 2102 576 2147 XIII.
599 2122 621 2142 (ι
645 2098 810 2146 Deinde
829 2098 874 2144 in
894 2100 1175 2162 subsequenti
1202 2098 1343 2162 capite
1361 2097 1523 2158 adjecit
1545 2114 1554 2142 :
1584 2118 1603 2139 κ
1627 2098 1690 2143 Ne
1708 2107 1768 2142 te-

386 2194 405 2215 »
429 2171 625 2232 tigeritis,
647 2186 786 2233 neque
802 2170 1089 2229 gustaveritis,
1108 2187 1247 2234 neque
1265 2168 1653 2225 contrectaveritis,
1668 2182 1771 2232 quae

388 2265 409 2286 ›>
432 2253 535 2289 sunt
555 2241 702 2288 omnia
722 2242 768 2286 in
788 2239 1013 2287 interitum
1049 2240 1146 2304 ipso
1176 2257 1257 2286 usu
1281 2239 1523 2292 secundum
1547 2249 1771 2303 praecepta

388 2335 409 2356 »
433 2324 475 2359 et
492 2312 714 2359 doctrinas
732 2312 981 2365 hominum,
1008 2311 1221 2357 rationem
1252 2310 1433 2374 quidem
1463 2309 1674 2355 habentia
1697 2326 1770 2355 sa-

390 2406 411 2426 »
436 2384 612 2447 pientiae
633 2384 679 2429 in
707 2382 1009 2447 superstitione
1029 2393 1070 2428 et
1093 2382 1360 2439 humilitate,
1389 2380 1445 2427 ad
1466 2397 1556 2426 non
1582 2396 1773 2444 parcen-

392 2477 412 2497 »
433 2455 540 2501 dum
565 2455 759 2519 corpori,
783 2471 873 2499 non
889 2453 933 2500 in
953 2453 1121 2500 bonore
1138 2454 1285 2518 aliquo
1308 2451 1365 2499 ad
1388 2451 1655 2498 saturitatem
1679 2466 1773 2497 car-

387 2547 415 2582 ⁴n
444 2527 509 2572 nis
524 2525 558 2572 [⁴.
585 2547 605 2568 ›>
632 2527 744 2583 Quae
767 2534 869 2570 sunt
910 2524 1008 2580 ista,
1035 2523 1198 2587 quibus
1215 2533 1256 2570 et
1296 2522 1508 2568 rationem
1548 2520 1773 2585 sapientiae

390 2639 394 2641 ·
443 2632 452 2654 ¹
471 2630 588 2664 Ezech.
607 2641 673 2667 xxv,
695 2637 793 2666 14.·--
811 2629 826 2652 ²
846 2642 856 2660 1
880 2630 962 2661 Tim.
982 2641 1024 2671 iv,
1051 2641 1128 2661 1.-
1149 2628 1162 2652 3
1182 2627 1299 2662 Matth.
1324 2641 1375 2666 xv,
1401 2636 1452 2665 14,
1472 2633 1501 2658 ct
1521 2630 1641 2661 Jcrem.
1662 2638 1701 2665 11,
1717 2628 1771 2660 13.

392 2705 437 2711 --—
457 2686 470 2710 ⁴
487 2686 604 2720 Coloss
630 2698 666 2723 ιι,
683 2695 735 2719 21,
