1902 3268
296 319 388 384 398
700 333 733 361 s.
778 330 1021 363 Aueusriut
1058 331 1266 362 EPISCOPI

292 404 485 452 animum
503 407 739 464 praeparat.
770 396 881 442 Nam
904 397 979 443 illa
1004 414 1105 462 quae
1128 399 1355 462 persuasit,
1386 399 1430 446 in
1445 418 1493 447 ea
1519 400 1668 447 Trini-

294 487 394 532 tate‚
409 489 510 537 quae
532 481 595 517 est
618 471 748 523 DcuS,
769 467 926 513 Filium
945 469 1068 514 Patri
1083 487 1169 515 non
1193 487 1279 517 esse
1290 482 1574 529 coaeternum,
1601 472 1669 518 vel

295 546 469 594 alterius
494 557 581 588 esse
599 537 852 586 substantiae
878 548 1007 601 atque
1025 538 1169 602 aliqua
1191 552 1312 603 parte
1331 542 1601 599 dissimilem,
1628 553 1670 588 et

292 637 341 665 eo
358 615 489 663 modo
511 611 754 659 inferiorem
779 609 990 671 Spiritum
1009 620 1207 656 sanctum
1225 630 1236 665 ς
1265 612 1456 676 itemque
1474 613 1548 658 illa
1569 631 1670 676 quae

294 684 524 755 persuasit,
541 684 715 729 Patrem
737 689 780 725 et
803 679 959 725 Filium
988 681 1116 726 unius
1133 681 1429 745 ejusdemque,
1454 683 1670 746 Spiritum

294 777 396 810 vero
419 765 618 804 sanetum
640 751 813 799 alterius
839 768 924 797 esse
949 751 1222 808 substantiae,
1243 754 1448 800 non-ideo
1472 754 1575 818 quia
1597 772 1671 801 ra-

296 833 357 879 tio
380 840 459 886 est,
488 825 562 873 sed
583 823 688 888 quia
712 821 816 869 salsa
830 821 940 868 ratio
955 833 1035 880 est,
1053 823 1247 870 cavenda
1264 834 1305 870 et
1325 824 1576 871 detestanda
1597 825 1671 871 di-

297 901 434 950 cenda
452 908 527 945 est.
558 897 669 942 Nam
693 893 727 940 si
759 894 867 939 ratio
886 910 983 939 vera
1017 904 1150 952 esset,
1191 912 1278 941 non
1297 895 1450 959 utique
1472 906 1665 943 errasset.

297 976 580 1035 Quapropter
599 966 711 1011 sicut
727 981 815 1010 non
827 963 924 1009 ideo
941 963 1072 1010 debes
1082 982 1254 1011 omnem
1272 966 1406 1013 vitare
1417 983 1673 1024 sermonem,

295 1045 397 1110 quia
421 1052 484 1088 est
504 1050 547 1085 et
559 1053 698 1083 sermo
718 1034 849 1081 falsus
866 1054 877 1087 ;
897 1034 957 1079 ita
982 1052 1070 1081 uon
1091 1036 1220 1082 debes
1244 1054 1416 1084 omnem
1438 1038 1574 1085 vitare
1596 1054 1672 1083 ra-

297 1118 478 1170 tionem,
504 1110 607 1175 quia
625 1118 688 1154 est
710 1118 752 1152 et
768 1106 873 1152 falsa
893 1107 1017 1154 ratio.
1060 1108 1155 1154 Hoc
1178 1119 1220 1155 et
1243 1109 1296 1154 de
1324 1110 1533 1174 sapientia
1558 1110 1673 1157 dixe·

294 1189 392 1236 rim.
421 1186 485 1232 Ne
519 1199 572 1228 ue
590 1180 704 1226 enim
718 1188 949 1242 propterea
965 1178 1176 1242 sapientia
1195 1181 1374 1227 vitanda
1393 1192 1470 1237 est,
1494 1181 1596 1244 quia
1611 1191 1674 1226 est

295 1271 337 1307 et
352 1258 457 1306 falsa
475 1202 711 1318 §apientim
738 1251 809 1296 cui
827 1249 1010 1295 stultitia
1024 1261 1085 1296 est
1100 1251 1299 1298 Christus
1314 1252 1570 1306 crucifixus3
1595 1251 1675 1316 qui

297 1343 359 1380 est
379 1329 462 1376 Dei
478 1326 644 1382 Virtus,
671 1333 714 1369 et
733 1322 815 1368 Dei
835 1322 1058 1385 Sapientia
1078 1322 1095 1352 1
1115 1341 1125 1368 z
1148 1334 1189 1370 et
1211 1324 1309 1370 ideo
1327 1342 1405 1388 per
1426 1324 1545 1370 hanc
1569 1323 1674 1370 stul-

297 1403 437 1450 titiam
459 1393 786 1463 praedicationis
802 1393 971 1457 placuit
996 1394 1085 1440 Deo
1108 1395 1247 1441 salvos
1266 1394 1406 1442 facere
1422 1394 1672 1448 credentes;

296 1472 506 1539 quoniam
524 1466 646 1532 quod
681 1464 862 1511 stultum
898 1476 960 1510 est
987 1465 1094 1521 Dei,
1132 1466 1367 1530 sapientius
1393 1477 1456 1513 est
1478 1466 1675 1512 homini-

298 1546 381 1591 bus
404 1544 438 1589 2.
469 1542 567 1586 Hoc
586 1535 856 1602 quibusdam
872 1535 1247 1599 philosophorum
1272 1549 1313 1583 et
1326 1549 1566 1593 oratorum,
1585 1553 1674 1582 non

298 1632 446 1664 veram
466 1612 600 1666 viam,
618 1607 692 1654 sed
713 1607 999 1655 verisimilem
1019 1609 1302 1664 sectantibus,
1321 1619 1362 1654 et
1380 1608 1425 1653 in
1441 1625 1489 1653 ea
1502 1625 1543 1653 se
1560 1608 1675 1670 ipsos

297 1687 487 1748 aliosque
499 1679 750 1727 fallentibus
763 1677 1013 1740 persuaderi
1028 1695 1115 1723 non
1128 1679 1288 1742 potuit,
1299 1678 1563 1742 quibusdam
1575 1694 1675 1724 vero

297 1773 446 1803 eorum
466 1751 626 1817 potuit.
652 1748 828 1806 Quibus
848 1748 1010 1811 potuit,
1031 1766 1170 1812 neque
1185 1749 1442 1795 scandalum
1462 1748 1676 1795 estChris-

299 1840 367 1875 tus
384 1825 632 1878 crucifixus,
659 1837 798 1883 neque
819 1819 1000 1866 stultitia
1024 1837 1035 1865 :
1071 1821 1115 1866 in
1150 1821 1200 1867 iis
1231 1821 1346 1866 enim
1371 1821 1676 1884 sunm-quihus

299 1899 464 1949 vocatis
477 1894 640 1943 ,ludaeis
659 1903 700 1939 et
721 1893 904 1949 (meeis,
923 1893 1001 1938 Dei
1018 1892 1163 1938 Virtus
1177 1904 1238 1939 est
1256 1894 1335 1939 Dei
1361 1892 1595 1957 Sapientia.
1624 1893 1675 1938 ln

297 1989 386 2037 qua
410 1970 496 2024 via,
519 1967 565 2014 id
590 1976 671 2019 est,
696 1965 740 2010 in
767 1968 891 2023 cujus
911 1964 1077 2010 Christi
1101 1966 1297 2010 crucifixi
1331 1965 1434 2021 side,
1472 1964 1548 2028 qui
1585 1968 1675 2024 ejus

297 2040 603 2089 rectitudinem
622 2053 700 2099 per
720 2035 800 2080 Dei
821 2036 1000 2094 gratiam
1027 2035 1396 2099 comprehendere
1419 2046 1676 2098 potuerunt,

297 2114 373 2161 etsi
387 2108 646 2177 philosophi
664 2106 871 2170 appellati
889 2116 988 2151 sunt
1003 2106 1288 2152 siveoratores
1308 2105 1504 2169 prolecto
1517 2105 1675 2150 humili

296 2186 455 2249 pietate
471 2179 651 2227 confessi
671 2188 788 2233 sunt,
812 2178 894 2223 sihi
917 2177 1042 2236 longe
1066 2178 1340 2223 excellentius
1380 2178 1425 2222 in
1463 2195 1511 2222 ea
1548 2175 1676 2222 fuisse

297 2255 484 2320 praevios
503 2252 751 2317 piscatores,
764 2266 849 2294 non
865 2248 1004 2294 solum
1018 2249 1223 2294 credendi
1236 2249 1480 2294 firmissimo
1496 2248 1670 2302 robore,

298 2324 581 2374 verumetiam
617 2319 885 2379 intelligendi
913 2319 1145 2365 certissima
1175 2322 1369 2365 xeritatc.
1403 2320 1516 2364 Cum
1559 2317 1674 2364 enim

297 2396 566 2450 didicissent,
584 2391 639 2438 ad
661 2391 749 2436 hoc
770 2390 902 2435 electa
922 2389 1053 2434 stulta
1075 2407 1161 2435 esse
1183 2389 1334 2435 mundi
1352 2400 1393 2434 et
1412 2389 1602 2445 infirma,
1627 2397 1676 2434 ut

299 2468 427 2516 sortia
455 2476 497 2511 et
534 2462 742 2528 sapientia
765 2460 1167 2511 confunderentur.
1214 2477 1341 2524 seque
1375 2461 1676 2520 cognovissent

297 2537 509 2585 fallaciter
527 2551 692 2598 sapere,
718 2543 760 2578 et
779 2531 1056 2578 imbecilliter
1083 2531 1344 2595 prseralerffl
1367 2530 1532 2576 confusi
1555 2530 1674 2575 salu-

299 2609 453 2664 briter,
472 2606 577 2653 facti
596 2603 835 2651 suutstulti
855 2614 897 2648 et
919 2603 1098 2660 infirmi,
1124 2614 1171 2649 ut
1190 2620 1265 2666 per
1280 2602 1462 2649 stultum
1487 2611 1528 2647 et
1546 2601 1674 2647 infir-

349 2692 359 2714 ¹
382 2703 392 2722 1
411 2692 487 2724 Cor.
509 2701 539 2731 1,
560 2695 614 2726 2-'0-
635 2706 678 2712 —
704 2686 819 2720 ²1b2d.
841 2688 894 2718 25.
