1902 3268
638 301 849 336 nris'rom
885 305 1040 336 cxviii.
1443 294 1537 343 365

153 371 319 418 animos
351 370 580 416 homiuum
601 407 612 426 ,
641 369 933 433 persuadendi
968 387 1065 416 vera
1100 382 1230 434 atque
1259 373 1474 431 salubriag
1493 387 1535 422 et

153 458 277 488 caves
306 451 422 487 nete
454 457 555 486 cum
594 440 823 486 indoctum
861 452 989 505 atque
1024 441 1224 486 hebetem
1246 446 1530 506 putaverint,

152 510 380 571 indignum
407 510 675 556 arbitrentur
694 548 705 567 ,
743 511 816 557 cui
842 521 984 557 autem
1009 510 1074 557 vel
1110 512 1440 560 intentissimam
1469 515 1535 561 vel

155 582 516 646 patientissimam
547 582 794 646 praebeant,
818 583 906 628 sive
931 582 984 629 ad
1003 594 1119 629 recte
1142 583 1253 630 facta
1269 601 1535 650 quemquam

153 652 416 710 exhorteris,
447 652 536 699 sive
556 652 768 699 malitiam
796 663 926 716 atque
946 653 1181 717 nequitiam
1205 656 1427 716 peccantis
1450 657 1536 702 ob-

149 724 328 782 jurges?
351 722 484 768 Hunc
502 732 549 768 tu
568 723 697 767 finem
715 722 899 781 justitiae
923 739 971 767 ac
997 722 1315 779 beneficentiae,
1338 725 1372 770 si
1395 726 1439 770 in
1455 726 1538 771 illis

156 791 475 852 interrogandis
500 792 820 855 quaestionibus
843 792 1060 850 cogitasti,
1085 809 1161 837 nos
1181 791 1235 837 de
1264 803 1303 838 te
1323 794 1435 840 male
1452 812 1538 841 me·

155 862 346 919 ruimus,
375 862 539 926 quibus
558 862 603 908 in
625 861 820 925 Epistola
846 872 938 918 tua,
962 879 1049 908 non
1071 862 1113 908 id
1138 863 1312 925 potius,
1334 881 1423 928 quo
1447 883 1538 912 mo-

158 948 377 990 veremur,
400 933 603 996 posuisti,
627 942 676 978 ut
691 942 765 978 aut
781 932 967 978 libenter
987 932 1186 979 daremus
1202 934 1320 997 quod
1336 937 1533 998 petebas,

159 1014 234 1049 aut
255 1002 355 1048 ideo
378 1020 465 1049 non
484 1002 686 1049 daremus
703 1039 714 1060 ,
737 1003 841 1066 quia
869 1020 998 1051 causa
1022 1003 1234 1067 quaelibet
1260 1004 1343 1051 alia
1359 1006 1539 1054 fortasse

153 1073 437 1137 prohiberet;
463 1091 553 1120 non
583 1085 725 1120 tamen
755 1075 859 1138 quia
887 1084 975 1121 tuae
1007 1092 1132 1122 vanae
1161 1076 1426 1139 cupiditati,
1450 1095 1535 1124 non

153 1143 292 1190 solum
317 1144 493 1201 servire,
518 1145 804 1191 verumetiam
822 1161 909 1190 non
926 1145 1117 1191 resistere
1136 1145 1336 1209 puderet.
1360 1148 1539 1204 Quanto

153 1214 267 1260 enim
292 1213 445 1260 melius
471 1224 602 1278 atque
635 1213 852 1260 salubrius
871 1251 882 1271 ,
917 1231 1068 1278 quaeso
1107 1226 1168 1273 te,
1206 1216 1321 1279 ipsas
1347 1219 1538 1265 veritatis

156 1283 349 1345 regulas,
386 1283 525 1330 multo
561 1285 718 1331 certius
752 1295 794 1331 et
817 1285 992 1331 brevius
1027 1303 1106 1349 per
1131 1303 1173 1333 se
1197 1286 1312 1350 ipsas
1336 1289 1498 1352 accipis
1523 1327 1533 1346 ‚

158 1356 324 1419 quibus
352 1354 459 1402 falsa
482 1356 628 1402 omnia
652 1356 787 1419 possis
812 1357 905 1419 ipse
926 1355 1118 1403 refellere
1138 1394 1149 1414 ,
1175 1374 1228 1403 ne
1245 1359 1364 1422 quod
1383 1358 1538 1407 falsum

154 1436 197 1473 et
229 1425 488 1490 pudendum
519 1436 612 1483 est,
653 1426 689 1472 si
725 1424 963 1472 multorum
1009 1444 1190 1474 annosas
1220 1440 1263 1474 et
1296 1429 1538 1494 decrepitas

156 1495 360 1546 falsitates
379 1533 391 1553 ,
432 1495 577 1542 studio
607 1495 863 1556 jactantiori
890 1513 1021 1561 quam
1052 1498 1326 1561 prudentiori
1351 1499 1505 1547 diceris
1524 1540 1534 1555 ‚

155 1565 336 1613 doctum
369 1576 498 1630 atque
530 1566 836 1627 intelligentem
862 1577 904 1612 te
928 1583 1014 1612 esse
1038 1568 1288 1626 arbitreris;
1311 1570 1428 1634 quod
1445 1576 1537 1630 jam

154 1654 243 1684 non
283 1637 480 1683 existimo
524 1637 605 1682 tibi
648 1636 800 1683 videri.
845 1637 946 1682 Non
980 1637 1095 1683 enim
1130 1638 1288 1685 frustra
1330 1651 1420 1686 tam
1461 1642 1538 1688 diu

156 1719 246 1754 tam
284 1724 385 1755 vera
423 1708 634 1754 Dioscoro
671 1706 883 1763 diximus,
923 1723 971 1753 ex
1009 1724 1098 1771 quo
1131 1708 1174 1754 in
1225 1709 1311 1757 hac
1343 1710 1538 1774 Epistola

157 1778 396 1840 gradimur.

225 1856 349 1903 VIII.
387 1854 674 1919 Quapropter
697 1859 787 1915 jam
816 1854 927 1902 illud
956 1855 1180 1902 videamus
1198 1895 1209 1914 ,
1242 1874 1344 1905 cum
1370 1871 1410 1906 te
1430 1861 1539 1907 ista-

157 1943 256 1973 rum
280 1941 425 1972 rerum
443 1925 687 1984 ignorantia
711 1942 988 1989 nequaquam
1014 1926 1241 1973 indoctum
1260 1939 1387 1993 atque
1405 1931 1538 1977 hehe·

158 2009 244 2043 tem
259 1994 454 2056 judiceS,
479 1994 552 2040 sed
583 1995 720 2059 ipsius
747 1997 893 2058 potius
926 1997 1145 2054 veritatis,
1187 2008 1234 2044 ut
1257 1999 1453 2064 quisquis
1484 2000 1538 2047 de

159 2067 228 2114 his
247 2066 377 2113 rebus
402 2065 581 2129 scripsit
610 2065 676 2113 vel
700 2066 954 2129 scripserit,
987 2078 1063 2113 aut
1086 2085 1134 2113 ea
1163 2068 1277 2126 sint,
1313 2087 1416 2134 quae
1443 2076 1536 2132 jam

160 2149 302 2185 certus
320 2147 454 2192 tenes,
477 2146 552 2182 aut
574 2136 609 2182 si
631 2136 737 2183 falsa
759 2148 858 2183 sunt
874 2175 885 2193 ,
914 2154 1090 2184 securus
1107 2139 1294 2198 ignoreS,
1320 2158 1461 2206 neque
1485 2143 1539 2189 de

160 2207 409 2255 diversitate
426 2207 727 2266 cognoscenda
744 2208 1054 2254 sententiarum
1076 2208 1329 2267 alienarum,
1352 2229 1406 2258 ne
1416 2213 1540 2276 quasi

159 2278 362 2325 indoctus
375 2287 416 2322 et
433 2275 568 2322 hebes
588 2295 825 2334 remaneas,
843 2279 960 2324 inani
980 2278 1272 2326 sollicitudine
1292 2283 1534 2330 macereris.

163 2350 276 2395 Cum
301 2364 401 2407 ergo
419 2346 516 2392 haec
536 2347 595 2393 ita
623 2348 726 2404 sint,
755 2349 882 2394 etiam
912 2349 1023 2395 illud
1048 2352 1080 2395 si
1097 2348 1259 2412 placet,
1288 2351 1537 2408 videamu3‚

161 2430 309 2465 utrum
339 2416 525 2462 aliorum
546 2417 650 2463 falsa
669 2418 939 2474 existimatio,
963 2419 1039 2482 qui
1064 2430 1183 2476 sunt,
1205 2430 1253 2466 ut
1273 2422 1426 2469 scribis
1442 2460 1452 2477 ‚
1487 2422 1541 2470 ad

160 2486 505 2553 vituperandum
531 2487 764 2550 proclives,
785 2488 845 2534 ita
873 2498 918 2535 ut
944 2490 977 2535 si
1001 2501 1042 2535 te
1060 2490 1138 2536 ista
1154 2490 1350 2550 ignorare
1369 2510 1542 2556 persen-

161 2561 316 2615 serint,
335 2556 563 2604 indoctum
587 2569 715 2622 atque
733 2558 950 2615 hebetem,
967 2559 1075 2606 falso
1096 2559 1293 2624 quidem,
1311 2562 1383 2609 sed
1403 2575 1547 2610 tamen

161 2639 334 2696 putent,
361 2627 420 2674 sic
443 2635 483 2672 te
512 2643 686 2676 movere
709 2627 900 2685 debeat,
924 2640 971 2676 ut
990 2629 1120 2677 etiam
1141 2630 1198 2677 ab
1220 2632 1436 2696 episcopis
1463 2635 1545 2682 tibi
