1902 3268
631 293 865 324 ,Erisrom
901 293 1000 323 cm.
1430 280 1521 327 283

148 364 214 412 esti
226 363 340 410 enim
357 362 467 407 male
485 362 627 406 vivere
642 395 653 414 ,
677 375 806 421 quam
828 359 938 404 mala
960 368 1094 404 morte
1113 358 1250 406 finire.
1280 360 1375 405 Hoe
1393 361 1519 407 etiam

149 450 293 498 operae
312 442 461 478 vestrae
485 430 650 475 indicat
671 431 796 476 ratio,
814 430 857 474 in
878 430 1038 492 quibus
1056 446 1265 492 pauperes
1288 431 1519 483 sustinetis,

148 502 372 550 morbidos
391 500 613 546 curatione
636 499 831 545 relevatis
853 537 863 555 ‚
889 499 1147 544 medicinam
1178 500 1343 546 afflictis
1360 517 1525 564 corpo-

149 574 272 620 ribus
297 571 515 618 adhibetis
539 587 548 614 :
579 570 622 615 id
653 581 872 632 postremo
908 570 1047 615 modis
1074 571 1277 616 omnibus
1298 571 1446 631 agitis,
1479 581 1527 616 ut

151 643 481 690 diuturnitatem
503 641 760 686 calamitatis
788 640 930 686 asslicti
960 657 1047 685 non
1072 640 1270 686 sentiant.
1295 640 1427 696 Quod
1453 658 1528 686 au-

151 726 236 761 tem
259 713 312 759 ad
328 712 504 758 modum
532 712 719 774 pertinet
740 721 1040 774 peccatorum,
1062 709 1176 754 nihil
1193 710 1384 764 interest,
1401 710 1529 774 quale

151 785 351 832 videatur
374 800 459 828 esse
478 792 705 846 peccatum
726 818 737 836 ‚
764 782 834 826 cui
852 780 1120 840 indulgentia
1145 779 1404 842 postulatur.
1430 781 1531 825 Pri-

153 872 273 901 mum
299 855 412 899 enim
439 853 471 898 si
507 853 765 915 poenitentia
805 863 846 896 et
881 852 1047 895 veniam
1093 851 1271 905 tribuit,
1309 861 1351 896 et
1375 862 1534 914 purgat

153 924 419 975 admissum3
452 923 638 985 poenitet
663 921 811 984 utique
836 921 959 967 illum
978 958 988 972 ‚
1017 920 1092 983 qui
1124 932 1271 981 rogat,
1299 923 1375 985 qui
1401 921 1533 985 pedes

154 994 476 1057 complectitur.
513 995 564 1037 tit
586 993 646 1047 si,
675 1003 722 1037 ut
755 991 1023 1055 quibusdam
1057 991 1338 1055 philosophis
1360 993 1530 1056 placet,

155 1066 300 1111 omnia
320 1073 498 1127 peccata
518 1064 635 1126 paria
657 1073 774 1118 sunt,
798 1062 1071 1123 indulgentia
1087 1063 1291 1108 omnibus
1305 1063 1433 1109 debet
1451 1080 1537 1108 esse

156 1135 429 1189 communis,
466 1133 732 1196 petulantius
769 1133 940 1179 locutus
975 1143 1036 1180 est
1071 1132 1256 1196 aliquis;
1297 1135 1532 1197 peccavit:

158 1205 354 1252 convicia
394 1215 469 1250 aut
498 1204 687 1250 ¹crimina
721 1204 920 1263 ingessit,
967 1221 1091 1267 aeque
1133 1205 1331 1266 peccavit
1359 1222 1368 1249 :
1400 1204 1538 1250 aliena

158 1277 385 1340 quisquam
401 1275 604 1338 diripuit,
623 1275 736 1320 inter
750 1275 909 1320 delicta
928 1284 1184 1320 numeratur
1208 1291 1219 1318 ι
1242 1274 1337 1320 loca
1356 1274 1539 1338 profana

158 1363 333 1392 sacrave
366 1345 575 1399 violavit,
618 1362 706 1390 non
737 1355 799 1390 est
836 1345 891 1389 ab
924 1344 1196 1404 indulgentia
1233 1344 1533 1391 secernendus,

160 1421 382 1463 Postremo
406 1416 550 1462 nullus
566 1427 672 1462 esset
686 1415 960 1461 veniaelocus
978 1452 988 1469 ,
1014 1415 1092 1460 nisi
1116 1427 1294 1478 peccata
1316 1415 1540 1479 praeccde-

159 1498 272 1534 rent.
297 1504 338 1530 υ·
429 1475 475 1500 Α

181 1564 187 1571 “
225 1556 301 1606 l'V.
325 1579 347 1600 «
371 1558 501 1604 Nunc
524 1558 729 1622 quoniam
756 1575 844 1604 non
867 1567 1080 1622 quantum
1104 1556 1237 1603 debui
1258 1594 1268 1611 ‚
1303 1556 1374 1602 sed
1396 1573 1539 1621 quan-

161 1639 254 1674 tum
282 1629 433 1692 potui,
463 1635 603 1688 majus
628 1639 676 1674 ut
693 1628 872 1679 dicitur.
901 1629 1095 1674 minusve
1120 1627 1321 1691 respondi
1343 1665 1353 1682 ‚
1381 1645 1456 1673 oro
1477 1640 1543 1673 at-

156 1710 247 1764 'que
270 1699 475 1753 obsecro,
497 1699 661 1744 utinam
685 1710 941 1763 praesentem
963 1716 1133 1763 possem
1153 1735 1164 1752 ‚
1188 1709 1234 1743 ut
1252 1698 1380 1744 etiam
1406 1698 1547 1761 lacry-

164 1764 255 1815 mas
281 1783 396 1816 meas
422 1769 668 1832 pervideres
684 1807 695 1824 ‚
724 1780 772 1815 ut
798 1770 875 1832 qui
896 1769 977 1825 sis,
1015 1768 1119 1832 quid
1143 1769 1388 1831 profitearis
1404 1805 1414 1822 ‚
1438 1768 1548 1831 quid

167 1853 287 1900 agas,
310 1841 443 1885 etiam
468 1850 597 1903 atque
623 1841 751 1886 etiam
773 1841 962 1900 cogite53
995 1839 1196 1885 intendas
1222 1855 1323 1903 quae
1352 1839 1407 1884 sit
1431 1839 1548 1886 itlius

166 1910 328 1974 species
345 1909 550 1964 civitatis,
568 1927 614 1956 ex
629 1927 716 1974 qua
738 1910 791 1956 ad
815 1910 1084 1974 supplicium
1105 1908 1293 1954 ducendi
1313 1909 1551 1955 extrahun-

165 1989 260 2032 tur3
286 1995 387 2044 quae
405 1980 458 2024 sit
483 1990 670 2026 matrum
692 2017 702 2037 ,
735 1997 836 2042 quae
856 1983 1125 2039 conjugum,
1154 1995 1255 2041 quae
1277 1978 1517 2025 liberorum
1534 2016 1547 2034 ‚

167 2065 267 2114 quae
285 2060 515 2112 parentum
539 2049 792 2095 lamentatio
809 2087 819 2104 ,
840 2067 929 2114 quo
947 2049 1117 2112 pudore
1136 2049 1189 2094 ad
1207 2049 1391 2112 patriam
1408 2050 1553 2095 venire

167 2120 360 2183 possint,
384 2119 583 2175 liberati,
600 2120 672 2165 sed
698 2120 824 2174 torti3
853 2137 962 2184 quos
982 2129 1158 2165 renovat
1182 2119 1351 2164 dolores
1377 2129 1454 2165 aut
1477 2136 1554 2179 gc-

169 2189 301 2235 mitus
317 2226 327 2244 ‚
355 2190 646 2236 consideratio
673 2191 903 2236 vulnerum
929 2200 970 2235 et
994 2190 1266 2235 cicatricum.
1295 2190 1348 2234 Et
1367 2189 1435 2234 his
1453 2207 1553 2235 om-

169 2260 300 2305 nit->us
314 2262 604 2323 pertractatis,
629 2263 766 2307 Deum
784 2262 926 2325 primo
945 2260 1189 2307 consideres
1205 2298 1214 2315 ‚
1236 2260 1554 2325 hominumque

173 2330 332 2390 cogites
344 2331 501 2377 famam
518 2369 528 2385 ‚
551 2332 790 2378 bonitatem
815 2333 996 2378 amicam
1014 2331 1160 2394 potius
1176 2368 1188 2386 ‚
1211 2331 1557 2396 familiaremque

173 2403 523 2462 conjunctionem
549 2441 559 2457 ‚
602 2414 645 2449 et
682 2403 948 2465 ignoscendo
992 2404 1138 2466 potius
1178 2403 1351 2450 laudem
1368 2441 1380 2460 ‚
1423 2421 1558 2470 quam

173 2474 439 2522 vindicando
456 2476 704 2539 conquiras.
735 2478 877 2539 Atque
898 2475 996 2520 haec
1017 2474 1071 2520 de
1089 2474 1156 2521 his
1171 2474 1287 2522 dicta
1310 2475 1396 2522 sint
1414 2513 1425 2530 ‚
1448 2491 1559 2540 quos

174 2563 303 2593 verus
336 2547 617 2594 confessionis
639 2565 731 2595 suae
769 2557 912 2594 reatus
938 2546 1149 2608 astringit.
1176 2548 1354 2606 Quibus
1380 2547 1560 2612 quidem

175 2617 282 2678 legis
298 2618 673 2682 contemplatione
690 2656 700 2676 ,
721 2618 843 2684 quod
868 2617 1046 2664 laudare
1074 2634 1165 2666 non
1188 2618 1338 2666 desino
1354 2655 1365 2675 ‚
1391 2618 1564 2666 veniam
