<?xml version="1.0" encoding="UTF-8"?>
<!DOCTYPE html PUBLIC "-//W3C//DTD XHTML 1.0 Transitional//EN"
    "http://www.w3.org/TR/xhtml1/DTD/xhtml1-transitional.dtd">
<html xmlns="http://www.w3.org/1999/xhtml" xml:lang="en" lang="en">
 <head>
  <title>
</title>
<meta http-equiv="Content-Type" content="text/html;charset=utf-8" />
  <meta name='ocr-system' content='tesseract 3.04.00' />
  <meta name='ocr-capabilities' content='ocr_page ocr_carea ocr_par ocr_line ocrx_word'/>
</head>
<body>
  <div class='ocr_page' id='page_1' title='image "./operaomniaaccura39auguuoft/operaomniaaccura39auguuoft_0460.png"; bbox 0 0 1902 3268; ppageno 0'>
   <div class='ocr_carea' id='block_1_1' title="bbox 400 290 1371 346">
    <p class='ocr_par' dir='ltr' id='par_1_1' title="bbox 400 290 1371 346">
     <span class='ocr_line' id='line_1_1' title="bbox 400 290 1371 346; baseline -0.005 -10"><span class='ocrx_word' id='word_1_1' title='bbox 400 290 494 346; x_wconf 68' lang='lat'><strong>450</strong></span> <span class='ocrx_word' id='word_1_2' title='bbox 811 302 846 333; x_wconf 78' lang='lat' dir='ltr'><strong>s,</strong></span> <span class='ocrx_word' id='word_1_3' title='bbox 890 300 1133 332; x_wconf 62' lang='lat' dir='ltr'><strong>¹tusus&#39;rim</strong></span> <span class='ocrx_word' id='word_1_4' title='bbox 1168 299 1371 331; x_wconf 76' lang='lat' dir='ltr'><strong>EPiscom</strong></span> 
     </span>
    </p>
   </div>
   <div class='ocr_carea' id='block_1_2' title="bbox 383 367 1793 2680">
    <p class='ocr_par' dir='ltr' id='par_1_2' title="bbox 386 367 1788 1548">
     <span class='ocr_line' id='line_1_2' title="bbox 396 367 1774 431; baseline 0 -14"><span class='ocrx_word' id='word_1_5' title='bbox 396 370 527 417; x_wconf 89' lang='lat' dir='ltr'><strong>multi</strong></span> <span class='ocrx_word' id='word_1_6' title='bbox 545 369 678 431; x_wconf 87' lang='lat' dir='ltr'><strong>hujus</strong></span> <span class='ocrx_word' id='word_1_7' title='bbox 701 368 804 415; x_wconf 81' lang='lat' dir='ltr'><strong>vitae</strong></span> <span class='ocrx_word' id='word_1_8' title='bbox 830 367 1081 431; x_wconf 88' lang='lat' dir='ltr'><strong>temporalis</strong></span> <span class='ocrx_word' id='word_1_9' title='bbox 1107 378 1339 424; x_wconf 41' lang='lat' dir='ltr'><strong>amatore&amp;</strong></span> <span class='ocrx_word' id='word_1_10' title='bbox 1364 377 1412 413; x_wconf 92' lang='lat' dir='ltr'><strong>ut</strong></span> <span class='ocrx_word' id='word_1_11' title='bbox 1432 385 1524 414; x_wconf 89' lang='lat' dir='ltr'><strong>eam</strong></span> <span class='ocrx_word' id='word_1_12' title='bbox 1547 369 1612 415; x_wconf 87' lang='lat' dir='ltr'><strong>vel</strong></span> <span class='ocrx_word' id='word_1_13' title='bbox 1632 369 1774 418; x_wconf 87' lang='lat' dir='ltr'><strong>infeli-</strong></span> 
     </span>
     <span class='ocr_line' id='line_1_3' title="bbox 399 438 1779 505; baseline 0 -17"><span class='ocrx_word' id='word_1_14' title='bbox 399 442 507 488; x_wconf 86' lang='lat' dir='ltr'>citer</span> <span class='ocrx_word' id='word_1_15' title='bbox 524 438 854 505; x_wconf 75' lang='lat' dir='ltr'>producendam</span> <span class='ocrx_word' id='word_1_16' title='bbox 879 438 1130 501; x_wconf 78' lang='lat' dir='ltr'><strong>nudamque</strong></span> <span class='ocrx_word' id='word_1_17' title='bbox 1154 438 1429 495; x_wconf 80' lang='lat' dir='ltr'><strong>redimerent,</strong></span> <span class='ocrx_word' id='word_1_18' title='bbox 1457 438 1669 487; x_wconf 90' lang='lat' dir='ltr'><strong>dederunt</strong></span> <span class='ocrx_word' id='word_1_19' title='bbox 1688 459 1779 488; x_wconf 70' lang='lat' dir='ltr'><strong>om-</strong></span> 
     </span>
     <span class='ocr_line' id='line_1_4' title="bbox 393 508 1777 575; baseline -0.001 -17"><span class='ocrx_word' id='word_1_20' title='bbox 393 512 483 568; x_wconf 73' lang='lat' dir='ltr'><strong>nia,</strong></span> <span class='ocrx_word' id='word_1_21' title='bbox 504 528 603 575; x_wconf 83' lang='lat' dir='ltr'><strong>quae</strong></span> <span class='ocrx_word' id='word_1_22' title='bbox 626 510 794 556; x_wconf 86' lang='lat' dir='ltr'><strong>illinon</strong></span> <span class='ocrx_word' id='word_1_23' title='bbox 818 508 958 554; x_wconf 88' lang='lat' dir='ltr'><strong>solum</strong></span> <span class='ocrx_word' id='word_1_24' title='bbox 982 508 1264 554; x_wconf 75' lang='lat' dir='ltr'><strong>oblectandae</strong></span> <span class='ocrx_word' id='word_1_25' title='bbox 1290 519 1332 554; x_wconf 87' lang='lat' dir='ltr'><strong>et</strong></span> <span class='ocrx_word' id='word_1_26' title='bbox 1350 509 1575 567; x_wconf 76' lang='lat' dir='ltr'><strong>ornandae,</strong></span> <span class='ocrx_word' id='word_1_27' title='bbox 1600 528 1777 558; x_wconf 79' lang='lat' dir='ltr'><strong>verum-</strong></span> 
     </span>
     <span class='ocr_line' id='line_1_5' title="bbox 394 578 1779 642; baseline 0 -13"><span class='ocrx_word' id='word_1_28' title='bbox 394 583 522 629; x_wconf 76' lang='lat' dir='ltr'><strong>etiam</strong></span> <span class='ocrx_word' id='word_1_29' title='bbox 566 579 860 627; x_wconf 81' lang='lat' dir='ltr'><strong>sustentandae</strong></span> <span class='ocrx_word' id='word_1_30' title='bbox 899 578 1172 642; x_wconf 63' lang='lat' dir='ltr'><strong>tuendaeque</strong></span> <span class='ocrx_word' id='word_1_31' title='bbox 1197 579 1440 626; x_wconf 85' lang='lat' dir='ltr'><strong>servabant.</strong></span> <span class='ocrx_word' id='word_1_32' title='bbox 1484 581 1632 627; x_wconf 85' lang='lat' dir='ltr'><strong>Solent</strong></span> <span class='ocrx_word' id='word_1_33' title='bbox 1665 593 1779 629; x_wconf 86' lang='lat' dir='ltr'><strong>certe</strong></span> 
     </span>
     <span class='ocr_line' id='line_1_6' title="bbox 396 648 1781 713; baseline 0 -15"><span class='ocrx_word' id='word_1_34' title='bbox 396 663 606 698; x_wconf 86' lang='lat' dir='ltr'><strong>amatores</strong></span> <span class='ocrx_word' id='word_1_35' title='bbox 634 650 720 697; x_wconf 86' lang='lat' dir='ltr'><strong>illis</strong></span> <span class='ocrx_word' id='word_1_36' title='bbox 745 666 851 713; x_wconf 88' lang='lat' dir='ltr'><strong>quas</strong></span> <span class='ocrx_word' id='word_1_37' title='bbox 876 659 1052 705; x_wconf 83' lang='lat' dir='ltr'><strong>amant,</strong></span> <span class='ocrx_word' id='word_1_38' title='bbox 1083 659 1133 694; x_wconf 91' lang='lat' dir='ltr'><strong>ut</strong></span> <span class='ocrx_word' id='word_1_39' title='bbox 1162 666 1230 694; x_wconf 85' lang='lat' dir='ltr'><strong>eas</strong></span> <span class='ocrx_word' id='word_1_40' title='bbox 1257 648 1478 706; x_wconf 78' lang='lat' dir='ltr'><strong>habeant,</strong></span> <span class='ocrx_word' id='word_1_41' title='bbox 1512 650 1649 697; x_wconf 89' lang='lat' dir='ltr'><strong>multa</strong></span> <span class='ocrx_word' id='word_1_42' title='bbox 1672 669 1781 698; x_wconf 87' lang='lat' dir='ltr'><strong>con-</strong></span> 
     </span>
     <span class='ocr_line' id='line_1_7' title="bbox 391 719 1782 776; baseline -0.001 -7"><span class='ocrx_word' id='word_1_43' title='bbox 391 723 503 769; x_wconf 86' lang='lat' dir='ltr'><strong>ferre</strong></span> <span class='ocrx_word' id='word_1_44' title='bbox 525 740 536 769; x_wconf 72' lang='grc' dir='ltr'>ε</span> <span class='ocrx_word' id='word_1_45' title='bbox 563 722 632 768; x_wconf 89' lang='lat' dir='ltr'><strong>isti</strong></span> <span class='ocrx_word' id='word_1_46' title='bbox 652 731 841 768; x_wconf 86' lang='lat' dir='ltr'><strong>amatam</strong></span> <span class='ocrx_word' id='word_1_47' title='bbox 864 734 982 766; x_wconf 89' lang='lat' dir='ltr'><strong>suam</strong></span> <span class='ocrx_word' id='word_1_48' title='bbox 1003 736 1091 765; x_wconf 89' lang='lat' dir='ltr'><strong>non</strong></span> <span class='ocrx_word' id='word_1_49' title='bbox 1111 719 1350 776; x_wconf 82' lang='lat' dir='ltr'><strong>haberent,</strong></span> <span class='ocrx_word' id='word_1_50' title='bbox 1380 719 1461 765; x_wconf 89' lang='lat' dir='ltr'><strong>nisi</strong></span> <span class='ocrx_word' id='word_1_51' title='bbox 1479 721 1664 768; x_wconf 85' lang='lat' dir='ltr'><strong>amando</strong></span> <span class='ocrx_word' id='word_1_52' title='bbox 1681 722 1782 768; x_wconf 91' lang='lat' dir='ltr'><strong>ino-</strong></span> 
     </span>
     <span class='ocr_line' id='line_1_8' title="bbox 393 784 1783 857; baseline -0.001 -16"><span class='ocrx_word' id='word_1_53' title='bbox 393 811 494 857; x_wconf 88' lang='lat' dir='ltr'><strong>pem</strong></span> <span class='ocrx_word' id='word_1_54' title='bbox 527 784 851 845; x_wconf 82' lang='lat' dir='ltr'><strong>reddidissent3</strong></span> <span class='ocrx_word' id='word_1_55' title='bbox 887 807 966 836; x_wconf 90' lang='lat' dir='ltr'><strong>nec</strong></span> <span class='ocrx_word' id='word_1_56' title='bbox 990 789 1027 835; x_wconf 90' lang='lat' dir='ltr'><strong>ei</strong></span> <span class='ocrx_word' id='word_1_57' title='bbox 1051 789 1188 835; x_wconf 86' lang='lat' dir='ltr'><strong>multa</strong></span> <span class='ocrx_word' id='word_1_58' title='bbox 1208 789 1484 847; x_wconf 86' lang='lat' dir='ltr'><strong>conferrent,</strong></span> <span class='ocrx_word' id='word_1_59' title='bbox 1516 790 1588 836; x_wconf 82' lang='lat' dir='ltr'><strong>secl</strong></span> <span class='ocrx_word' id='word_1_60' title='bbox 1623 803 1783 839; x_wconf 87' lang='lat' dir='ltr'><strong>cuncta</strong></span> 
     </span>
     <span class='ocr_line' id='line_1_9' title="bbox 389 859 1782 929; baseline -0.001 -19"><span class='ocrx_word' id='word_1_61' title='bbox 389 864 536 929; x_wconf 88' lang='lat' dir='ltr'><strong>potius</strong></span> <span class='ocrx_word' id='word_1_62' title='bbox 565 862 817 917; x_wconf 67' lang='lat' dir='ltr'><strong>auferrent,</strong></span> <span class='ocrx_word' id='word_1_63' title='bbox 841 877 894 906; x_wconf 88' lang='lat' dir='ltr'><strong>ne</strong></span> <span class='ocrx_word' id='word_1_64' title='bbox 922 860 1004 906; x_wconf 90' lang='lat' dir='ltr'><strong>sibi</strong></span> <span class='ocrx_word' id='word_1_65' title='bbox 1025 877 1118 905; x_wconf 85' lang='lat' dir='ltr'><strong>eam</strong></span> <span class='ocrx_word' id='word_1_66' title='bbox 1145 860 1281 906; x_wconf 86' lang='lat' dir='ltr'><strong>hostis</strong></span> <span class='ocrx_word' id='word_1_67' title='bbox 1299 859 1498 907; x_wconf 83' lang='lat' dir='ltr'><strong>auferret.</strong></span> <span class='ocrx_word' id='word_1_68' title='bbox 1525 861 1616 907; x_wconf 87' lang='lat' dir='ltr'><strong>Nec</strong></span> <span class='ocrx_word' id='word_1_69' title='bbox 1632 879 1782 909; x_wconf 89' lang='lat' dir='ltr'><strong>eorum</strong></span> 
     </span>
     <span class='ocr_line' id='line_1_10' title="bbox 386 930 1782 998; baseline -0.001 -18"><span class='ocrx_word' id='word_1_70' title='bbox 386 933 664 998; x_wconf 88' lang='lat' dir='ltr'><strong>reprehendo</strong></span> <span class='ocrx_word' id='word_1_71' title='bbox 718 931 964 978; x_wconf 89' lang='lat' dir='ltr'><strong>consilium.</strong></span> <span class='ocrx_word' id='word_1_72' title='bbox 1021 930 1130 987; x_wconf 87' lang='lat' dir='ltr'><strong>Quis</strong></span> <span class='ocrx_word' id='word_1_73' title='bbox 1181 930 1296 976; x_wconf 89' lang='lat' dir='ltr'><strong>enim</strong></span> <span class='ocrx_word' id='word_1_74' title='bbox 1340 931 1503 977; x_wconf 85' lang='lat' dir='ltr'><strong>nesciat</strong></span> <span class='ocrx_word' id='word_1_75' title='bbox 1540 932 1782 995; x_wconf 87' lang='lat' dir='ltr'><strong>perituram</strong></span> 
     </span>
     <span class='ocr_line' id='line_1_11' title="bbox 388 1001 1785 1068; baseline -0.001 -17"><span class='ocrx_word' id='word_1_76' title='bbox 388 1004 517 1050; x_wconf 79' lang='lat' dir='ltr'><strong>fuisse</strong></span> <span class='ocrx_word' id='word_1_77' title='bbox 533 1004 675 1068; x_wconf 80' lang='lat' dir='ltr'>ipsam</span> <span class='ocrx_word' id='word_1_78' title='bbox 696 1039 706 1059; x_wconf 87' lang='lat'>‚</span> <span class='ocrx_word' id='word_1_79' title='bbox 728 1002 762 1048; x_wconf 87' lang='lat' dir='ltr'><strong>si</strong></span> <span class='ocrx_word' id='word_1_80' title='bbox 785 1018 874 1047; x_wconf 89' lang='lat' dir='ltr'><strong>non</strong></span> <span class='ocrx_word' id='word_1_81' title='bbox 898 1018 946 1047; x_wconf 84' lang='lat' dir='ltr'><strong>ea</strong></span> <span class='ocrx_word' id='word_1_82' title='bbox 966 1001 1191 1064; x_wconf 88' lang='lat' dir='ltr'><strong>periissent</strong></span> <span class='ocrx_word' id='word_1_83' title='bbox 1210 1037 1220 1057; x_wconf 92' lang='lat'>‚</span> <span class='ocrx_word' id='word_1_84' title='bbox 1240 1017 1341 1064; x_wconf 87' lang='lat' dir='ltr'><strong>quae</strong></span> <span class='ocrx_word' id='word_1_85' title='bbox 1362 1001 1589 1048; x_wconf 88' lang='lat' dir='ltr'><strong>recondita</strong></span> <span class='ocrx_word' id='word_1_86' title='bbox 1607 1002 1785 1049; x_wconf 76' lang='lat' dir='ltr'><strong>fuerant</strong></span> 
     </span>
     <span class='ocr_line' id='line_1_12' title="bbox 389 1071 1785 1140; baseline -0.001 -19"><span class='ocrx_word' id='word_1_87' title='bbox 389 1085 573 1140; x_wconf 78' lang='lat' dir='ltr'><strong>propter</strong></span> <span class='ocrx_word' id='word_1_88' title='bbox 613 1073 789 1137; x_wconf 69' lang='lat' dir='ltr'><strong>ipsam}&gt;</strong></span> <span class='ocrx_word' id='word_1_89' title='bbox 814 1071 1015 1135; x_wconf 83' lang='lat' dir='ltr'><strong>quamvis</strong></span> <span class='ocrx_word' id='word_1_90' title='bbox 1053 1082 1094 1116; x_wconf 88' lang='lat' dir='ltr'><strong>et</strong></span> <span class='ocrx_word' id='word_1_91' title='bbox 1127 1071 1310 1135; x_wconf 86' lang='lat' dir='ltr'><strong>quidam</strong></span> <span class='ocrx_word' id='word_1_92' title='bbox 1353 1072 1625 1135; x_wconf 85' lang='lat' dir='ltr'><strong>perdiderint</strong></span> <span class='ocrx_word' id='word_1_93' title='bbox 1662 1075 1785 1138; x_wconf 89' lang='lat' dir='ltr'><strong>prius</strong></span> 
     </span>
     <span class='ocr_line' id='line_1_13' title="bbox 388 1141 1785 1207; baseline -0.003 -14"><span class='ocrx_word' id='word_1_94' title='bbox 388 1146 489 1202; x_wconf 85' lang='lat' dir='ltr'><strong>illa,</strong></span> <span class='ocrx_word' id='word_1_95' title='bbox 520 1162 619 1192; x_wconf 82' lang='lat' dir='ltr'><strong>mox</strong></span> <span class='ocrx_word' id='word_1_96' title='bbox 655 1144 827 1207; x_wconf 80' lang='lat' dir='ltr'>ipsam:</span> <span class='ocrx_word' id='word_1_97' title='bbox 859 1141 1040 1206; x_wconf 86' lang='lat' dir='ltr'><strong>quidam</strong></span> <span class='ocrx_word' id='word_1_98' title='bbox 1066 1158 1166 1187; x_wconf 81' lang='lat' dir='ltr'><strong>vero</strong></span> <span class='ocrx_word' id='word_1_99' title='bbox 1195 1141 1297 1186; x_wconf 89' lang='lat' dir='ltr'><strong>licet</strong></span> <span class='ocrx_word' id='word_1_100' title='bbox 1320 1142 1461 1204; x_wconf 85' lang='lat' dir='ltr'><strong>parati</strong></span> <span class='ocrx_word' id='word_1_101' title='bbox 1494 1153 1654 1189; x_wconf 87' lang='lat' dir='ltr'><strong>cuncta</strong></span> <span class='ocrx_word' id='word_1_102' title='bbox 1678 1161 1785 1207; x_wconf 86' lang='lat' dir='ltr'><strong>per-</strong></span> 
     </span>
     <span class='ocr_line' id='line_1_14' title="bbox 394 1210 1786 1279; baseline -0.002 -16"><span class='ocrx_word' id='word_1_103' title='bbox 394 1216 495 1263; x_wconf 86' lang='lat' dir='ltr'><strong>dere</strong></span> <span class='ocrx_word' id='word_1_104' title='bbox 523 1225 706 1279; x_wconf 89' lang='lat' dir='ltr'><strong>propter</strong></span> <span class='ocrx_word' id='word_1_105' title='bbox 731 1213 871 1277; x_wconf 82' lang='lat' dir='ltr'>ipsam</span> <span class='ocrx_word' id='word_1_106' title='bbox 891 1248 902 1269; x_wconf 84' lang='lat'>‚</span> <span class='ocrx_word' id='word_1_107' title='bbox 934 1211 1055 1275; x_wconf 86' lang='lat' dir='ltr'><strong>prius</strong></span> <span class='ocrx_word' id='word_1_108' title='bbox 1088 1210 1360 1275; x_wconf 84' lang='lat' dir='ltr'><strong>perdiderint</strong></span> <span class='ocrx_word' id='word_1_109' title='bbox 1383 1212 1537 1275; x_wconf 85' lang='lat' dir='ltr'><strong>ipsam.</strong></span> <span class='ocrx_word' id='word_1_110' title='bbox 1569 1213 1654 1259; x_wconf 88' lang='lat' dir='ltr'><strong>Sed</strong></span> <span class='ocrx_word' id='word_1_111' title='bbox 1678 1214 1786 1261; x_wconf 85' lang='lat' dir='ltr'><strong>hinc</strong></span> 
     </span>
     <span class='ocr_line' id='line_1_15' title="bbox 389 1283 1787 1347; baseline -0.003 -12"><span class='ocrx_word' id='word_1_112' title='bbox 389 1286 655 1334; x_wconf 90' lang='lat' dir='ltr'><strong>admonendi</strong></span> <span class='ocrx_word' id='word_1_113' title='bbox 693 1301 840 1332; x_wconf 88' lang='lat' dir='ltr'><strong>sumus</strong></span> <span class='ocrx_word' id='word_1_114' title='bbox 863 1320 874 1340; x_wconf 83' lang='lat'><strong><em>‚</em></strong></span> <span class='ocrx_word' id='word_1_115' title='bbox 907 1283 1057 1347; x_wconf 86' lang='lat' dir='ltr'><strong>quales</strong></span> <span class='ocrx_word' id='word_1_116' title='bbox 1080 1294 1254 1329; x_wconf 81' lang='lat' dir='ltr'><strong>aeternae</strong></span> <span class='ocrx_word' id='word_1_117' title='bbox 1287 1283 1390 1329; x_wconf 84' lang='lat' dir='ltr'><strong>vitae</strong></span> <span class='ocrx_word' id='word_1_118' title='bbox 1426 1283 1655 1331; x_wconf 82' lang='lat' dir='ltr'><strong>dilectores</strong></span> <span class='ocrx_word' id='word_1_119' title='bbox 1700 1302 1787 1331; x_wconf 87' lang='lat' dir='ltr'><strong>esse</strong></span> 
     </span>
     <span class='ocr_line' id='line_1_16' title="bbox 394 1359 1786 1420; baseline -0.003 -15"><span class='ocrx_word' id='word_1_120' title='bbox 394 1359 632 1405; x_wconf 84' lang='lat' dir='ltr'><strong>debeamus</strong></span> <span class='ocrx_word' id='word_1_121' title='bbox 652 1393 662 1413; x_wconf 86' lang='lat'>‚</span> <span class='ocrx_word' id='word_1_122' title='bbox 687 1366 735 1402; x_wconf 88' lang='lat' dir='ltr'><strong>ut</strong></span> <span class='ocrx_word' id='word_1_123' title='bbox 760 1365 943 1419; x_wconf 88' lang='lat' dir='ltr'><strong>propter</strong></span> <span class='ocrx_word' id='word_1_124' title='bbox 968 1371 1062 1400; x_wconf 88' lang='lat' dir='ltr'><strong>eam</strong></span> <span class='ocrx_word' id='word_1_125' title='bbox 1084 1364 1420 1400; x_wconf 84' lang='lat' dir='ltr'><strong>contemnamus</strong></span> <span class='ocrx_word' id='word_1_126' title='bbox 1442 1365 1605 1401; x_wconf 85' lang='lat' dir='ltr'><strong>cuncta</strong></span> <span class='ocrx_word' id='word_1_127' title='bbox 1630 1372 1786 1420; x_wconf 88' lang='lat' dir='ltr'><strong>super-</strong></span> 
     </span>
     <span class='ocr_line' id='line_1_17' title="bbox 392 1425 1788 1494; baseline -0.001 -18"><span class='ocrx_word' id='word_1_128' title='bbox 392 1430 481 1494; x_wconf 79' lang='lat' dir='ltr'><strong>flua</strong></span> <span class='ocrx_word' id='word_1_129' title='bbox 499 1465 511 1486; x_wconf 80' lang='lat'><strong><em>‚</em></strong></span> <span class='ocrx_word' id='word_1_130' title='bbox 538 1444 741 1492; x_wconf 87' lang='lat' dir='ltr'><strong>cumpro</strong></span> <span class='ocrx_word' id='word_1_131' title='bbox 760 1427 844 1473; x_wconf 89' lang='lat' dir='ltr'><strong>hac</strong></span> <span class='ocrx_word' id='word_1_132' title='bbox 868 1425 1113 1472; x_wconf 86' lang='lat' dir='ltr'><strong>transitoria</strong></span> <span class='ocrx_word' id='word_1_133' title='bbox 1138 1425 1230 1472; x_wconf 75' lang='lat' dir='ltr'><strong>vita</strong></span> <span class='ocrx_word' id='word_1_134' title='bbox 1259 1436 1514 1490; x_wconf 88' lang='lat' dir='ltr'><strong>contempta</strong></span> <span class='ocrx_word' id='word_1_135' title='bbox 1545 1426 1631 1473; x_wconf 88' lang='lat' dir='ltr'><strong>sint</strong></span> <span class='ocrx_word' id='word_1_136' title='bbox 1650 1464 1661 1483; x_wconf 80' lang='lat'><strong><em>‚</em></strong></span> <span class='ocrx_word' id='word_1_137' title='bbox 1687 1444 1788 1491; x_wconf 86' lang='lat' dir='ltr'><strong>quae</strong></span> 
     </span>
     <span class='ocr_line' id='line_1_18' title="bbox 395 1499 936 1548; baseline -0.004 -1"><span class='ocrx_word' id='word_1_138' title='bbox 395 1501 457 1548; x_wconf 88' lang='lat' dir='ltr'><strong>illi</strong></span> <span class='ocrx_word' id='word_1_139' title='bbox 480 1500 655 1547; x_wconf 90' lang='lat' dir='ltr'><strong>fuerant</strong></span> <span class='ocrx_word' id='word_1_140' title='bbox 682 1499 936 1545; x_wconf 87' lang='lat' dir='ltr'><strong>necessaria.</strong></span> 
     </span>
    </p>

    <p class='ocr_par' dir='ltr' id='par_1_3' title="bbox 396 1567 1790 2191">
     <span class='ocr_line' id='line_1_19' title="bbox 461 1567 1787 1634; baseline -0.003 -15"><span class='ocrx_word' id='word_1_141' title='bbox 461 1571 514 1619; x_wconf 89' lang='lat' dir='ltr'><strong>V.</strong></span> <span class='ocrx_word' id='word_1_142' title='bbox 553 1571 703 1634; x_wconf 86' lang='lat' dir='ltr'><strong>Neque</strong></span> <span class='ocrx_word' id='word_1_143' title='bbox 725 1568 840 1614; x_wconf 90' lang='lat' dir='ltr'><strong>enim</strong></span> <span class='ocrx_word' id='word_1_144' title='bbox 862 1577 1051 1613; x_wconf 86' lang='lat' dir='ltr'><strong>amatam</strong></span> <span class='ocrx_word' id='word_1_145' title='bbox 1077 1577 1293 1625; x_wconf 82' lang='lat' dir='ltr'><strong>nostram,</strong></span> <span class='ocrx_word' id='word_1_146' title='bbox 1319 1567 1432 1613; x_wconf 90' lang='lat' dir='ltr'><strong>sicut</strong></span> <span class='ocrx_word' id='word_1_147' title='bbox 1461 1567 1526 1613; x_wconf 90' lang='lat' dir='ltr'><strong>illi</strong></span> <span class='ocrx_word' id='word_1_148' title='bbox 1557 1584 1678 1614; x_wconf 86' lang='lat' dir='ltr'><strong>suam</strong></span> <span class='ocrx_word' id='word_1_149' title='bbox 1699 1606 1709 1624; x_wconf 87' lang='lat'><strong><em>‚</em></strong></span> <span class='ocrx_word' id='word_1_150' title='bbox 1739 1579 1787 1615; x_wconf 91' lang='lat' dir='ltr'><strong>ut</strong></span> 
     </span>
     <span class='ocr_line' id='line_1_20' title="bbox 396 1637 1788 1703; baseline -0.002 -14"><span class='ocrx_word' id='word_1_151' title='bbox 396 1655 637 1696; x_wconf 86' lang='lat' dir='ltr'><strong>teneamus,</strong></span> <span class='ocrx_word' id='word_1_152' title='bbox 662 1639 946 1703; x_wconf 84' lang='lat' dir='ltr'><strong>expoliamus,</strong></span> <span class='ocrx_word' id='word_1_153' title='bbox 967 1637 1041 1683; x_wconf 88' lang='lat' dir='ltr'><strong>sed</strong></span> <span class='ocrx_word' id='word_1_154' title='bbox 1059 1637 1121 1683; x_wconf 92' lang='lat' dir='ltr'><strong>illi</strong></span> <span class='ocrx_word' id='word_1_155' title='bbox 1141 1648 1315 1683; x_wconf 84' lang='lat' dir='ltr'><strong>aeternae</strong></span> <span class='ocrx_word' id='word_1_156' title='bbox 1339 1637 1637 1701; x_wconf 81' lang='lat' dir='ltr'><strong>adipiscendae</strong></span> <span class='ocrx_word' id='word_1_157' title='bbox 1656 1639 1788 1686; x_wconf 86' lang='lat' dir='ltr'><strong>istam</strong></span> 
     </span>
     <span class='ocr_line' id='line_1_21' title="bbox 400 1707 1785 1776; baseline -0.004 -16"><span class='ocrx_word' id='word_1_158' title='bbox 400 1711 684 1776; x_wconf 86' lang='lat' dir='ltr'><strong>temporalem</strong></span> <span class='ocrx_word' id='word_1_159' title='bbox 703 1709 824 1757; x_wconf 82' lang='lat' dir='ltr'><strong>velut</strong></span> <span class='ocrx_word' id='word_1_160' title='bbox 846 1707 1053 1754; x_wconf 86' lang='lat' dir='ltr'><strong>famulam</strong></span> <span class='ocrx_word' id='word_1_161' title='bbox 1072 1707 1380 1771; x_wconf 85' lang='lat' dir='ltr'><strong>expeditiorem</strong></span> <span class='ocrx_word' id='word_1_162' title='bbox 1404 1707 1562 1754; x_wconf 87' lang='lat' dir='ltr'><strong>servire</strong></span> <span class='ocrx_word' id='word_1_163' title='bbox 1582 1707 1785 1766; x_wconf 86' lang='lat' dir='ltr'><strong>facimus,</strong></span> 
     </span>
     <span class='ocr_line' id='line_1_22' title="bbox 403 1776 1784 1839; baseline -0.004 -8"><span class='ocrx_word' id='word_1_164' title='bbox 403 1783 439 1831; x_wconf 90' lang='lat' dir='ltr'><strong>si</strong></span> <span class='ocrx_word' id='word_1_165' title='bbox 468 1800 562 1829; x_wconf 87' lang='lat' dir='ltr'><strong>eam</strong></span> <span class='ocrx_word' id='word_1_166' title='bbox 583 1798 664 1828; x_wconf 91' lang='lat' dir='ltr'><strong>nec</strong></span> <span class='ocrx_word' id='word_1_167' title='bbox 695 1789 1053 1826; x_wconf 77' lang='lat' dir='ltr'><strong>ornamentorum</strong></span> <span class='ocrx_word' id='word_1_168' title='bbox 1090 1794 1303 1824; x_wconf 83' lang='lat' dir='ltr'><strong>vanorum</strong></span> <span class='ocrx_word' id='word_1_169' title='bbox 1324 1776 1512 1824; x_wconf 83' lang='lat' dir='ltr'><strong>vinculis</strong></span> <span class='ocrx_word' id='word_1_170' title='bbox 1537 1777 1784 1839; x_wconf 83' lang='lat' dir='ltr'><strong>alligemus,</strong></span> 
     </span>
     <span class='ocr_line' id='line_1_23' title="bbox 404 1847 1789 1912; baseline -0.003 -12"><span class='ocrx_word' id='word_1_171' title='bbox 404 1870 490 1900; x_wconf 72' lang='lat' dir='ltr'><strong>necv</strong></span> <span class='ocrx_word' id='word_1_172' title='bbox 505 1868 712 1899; x_wconf 87' lang='lat' dir='ltr'><strong>curarum</strong></span> <span class='ocrx_word' id='word_1_173' title='bbox 735 1850 964 1897; x_wconf 82' lang='lat' dir='ltr'><strong>noxiarum</strong></span> <span class='ocrx_word' id='word_1_174' title='bbox 989 1848 1166 1895; x_wconf 86' lang='lat' dir='ltr'><strong>sarcinis</strong></span> <span class='ocrx_word' id='word_1_175' title='bbox 1194 1865 1418 1895; x_wconf 89' lang='lat' dir='ltr'><strong>oneremus</strong></span> <span class='ocrx_word' id='word_1_176' title='bbox 1434 1885 1445 1903; x_wconf 89' lang='lat'>‚</span> <span class='ocrx_word' id='word_1_177' title='bbox 1475 1847 1789 1912; x_wconf 86' lang='lat' dir='ltr'><strong>audiamusque</strong></span> 
     </span>
     <span class='ocr_line' id='line_1_24' title="bbox 407 1918 1790 1986; baseline -0.004 -15"><span class='ocrx_word' id='word_1_178' title='bbox 407 1924 651 1972; x_wconf 88' lang='lat' dir='ltr'><strong>Dominum</strong></span> <span class='ocrx_word' id='word_1_179' title='bbox 673 1960 683 1974; x_wconf 83' lang='lat'>,</span> <span class='ocrx_word' id='word_1_180' title='bbox 704 1922 779 1986; x_wconf 88' lang='lat' dir='ltr'><strong>qui</strong></span> <span class='ocrx_word' id='word_1_181' title='bbox 805 1920 932 1967; x_wconf 87' lang='lat' dir='ltr'><strong>nobis</strong></span> <span class='ocrx_word' id='word_1_182' title='bbox 955 1920 1075 1966; x_wconf 90' lang='lat' dir='ltr'><strong>illam</strong></span> <span class='ocrx_word' id='word_1_183' title='bbox 1092 1919 1225 1967; x_wconf 85' lang='lat' dir='ltr'><strong>vitam</strong></span> <span class='ocrx_word' id='word_1_184' title='bbox 1246 1936 1415 1965; x_wconf 89' lang='lat' dir='ltr'><strong>summo</strong></span> <span class='ocrx_word' id='word_1_185' title='bbox 1441 1918 1595 1965; x_wconf 88' lang='lat' dir='ltr'><strong>ardore</strong></span> <span class='ocrx_word' id='word_1_186' title='bbox 1616 1919 1790 1966; x_wconf 86' lang='lat' dir='ltr'><strong>deside-</strong></span> 
     </span>
     <span class='ocr_line' id='line_1_25' title="bbox 407 1988 1789 2054; baseline -0.003 -14"><span class='ocrx_word' id='word_1_187' title='bbox 407 1993 589 2040; x_wconf 89' lang='lat' dir='ltr'><strong>randam</strong></span> <span class='ocrx_word' id='word_1_188' title='bbox 609 1991 853 2039; x_wconf 89' lang='lat' dir='ltr'><strong>fidelissime</strong></span> <span class='ocrx_word' id='word_1_189' title='bbox 881 1988 1132 2054; x_wconf 88' lang='lat' dir='ltr'><strong>pollicetur,</strong></span> <span class='ocrx_word' id='word_1_190' title='bbox 1154 1988 1274 2035; x_wconf 88' lang='lat' dir='ltr'><strong>velut</strong></span> <span class='ocrx_word' id='word_1_191' title='bbox 1292 1989 1338 2034; x_wconf 91' lang='lat' dir='ltr'><strong>in</strong></span> <span class='ocrx_word' id='word_1_192' title='bbox 1356 1989 1490 2034; x_wconf 88' lang='lat' dir='ltr'><strong>totius</strong></span> <span class='ocrx_word' id='word_1_193' title='bbox 1509 1989 1665 2035; x_wconf 91' lang='lat' dir='ltr'><strong>mundi</strong></span> <span class='ocrx_word' id='word_1_194' title='bbox 1686 2007 1789 2036; x_wconf 89' lang='lat' dir='ltr'><strong>con-</strong></span> 
     </span>
     <span class='ocr_line' id='line_1_26' title="bbox 408 2059 1790 2122; baseline -0.002 -13"><span class='ocrx_word' id='word_1_195' title='bbox 408 2064 532 2109; x_wconf 90' lang='lat' dir='ltr'><strong>cione</strong></span> <span class='ocrx_word' id='word_1_196' title='bbox 553 2063 812 2109; x_wconf 84' lang='lat' dir='ltr'><strong>clamantem</strong></span> <span class='ocrx_word' id='word_1_197' title='bbox 833 2078 843 2106; x_wconf 91' lang='lat'>:</span> <span class='ocrx_word' id='word_1_198' title='bbox 870 2082 890 2102; x_wconf 74' lang='lat' dir='ltr'><strong>c&lt;</strong></span> <span class='ocrx_word' id='word_1_199' title='bbox 911 2060 1063 2106; x_wconf 87' lang='lat' dir='ltr'><strong>Venite</strong></span> <span class='ocrx_word' id='word_1_200' title='bbox 1087 2059 1141 2105; x_wconf 87' lang='lat' dir='ltr'><strong>ad</strong></span> <span class='ocrx_word' id='word_1_201' title='bbox 1167 2077 1234 2105; x_wconf 91' lang='lat' dir='ltr'><strong>me</strong></span> <span class='ocrx_word' id='word_1_202' title='bbox 1252 2076 1400 2105; x_wconf 86' lang='lat' dir='ltr'><strong>omnes</strong></span> <span class='ocrx_word' id='word_1_203' title='bbox 1419 2059 1495 2122; x_wconf 89' lang='lat' dir='ltr'><strong>qui</strong></span> <span class='ocrx_word' id='word_1_204' title='bbox 1520 2059 1731 2106; x_wconf 86' lang='lat' dir='ltr'><strong>laboratis</strong></span> <span class='ocrx_word' id='word_1_205' title='bbox 1748 2071 1790 2106; x_wconf 89' lang='lat' dir='ltr'><strong>et</strong></span> 
     </span>
     <span class='ocr_line' id='line_1_27' title="bbox 409 2129 1790 2191; baseline -0.001 -13"><span class='ocrx_word' id='word_1_206' title='bbox 409 2133 608 2180; x_wconf 84' lang='lat' dir='ltr'><strong>»onerati</strong></span> <span class='ocrx_word' id='word_1_207' title='bbox 632 2132 730 2178; x_wconf 89' lang='lat' dir='ltr'><strong>estis</strong></span> <span class='ocrx_word' id='word_1_208' title='bbox 749 2160 766 2188; x_wconf 68' lang='lat'><em>5</em></span> <span class='ocrx_word' id='word_1_209' title='bbox 792 2141 834 2183; x_wconf 84' lang='lat' dir='ltr'><strong>et</strong></span> <span class='ocrx_word' id='word_1_210' title='bbox 856 2147 933 2191; x_wconf 81' lang='lat' dir='ltr'><strong>ego</strong></span> <span class='ocrx_word' id='word_1_211' title='bbox 949 2147 1026 2176; x_wconf 76' lang='lat' dir='ltr'><strong>vos</strong></span> <span class='ocrx_word' id='word_1_212' title='bbox 1043 2129 1251 2176; x_wconf 85' lang='lat' dir='ltr'><strong>reficiam.</strong></span> <span class='ocrx_word' id='word_1_213' title='bbox 1276 2129 1436 2175; x_wconf 90' lang='lat' dir='ltr'><strong>Tollite</strong></span> <span class='ocrx_word' id='word_1_214' title='bbox 1462 2132 1620 2190; x_wconf 85' lang='lat' dir='ltr'><strong>jugum</strong></span> <span class='ocrx_word' id='word_1_215' title='bbox 1642 2146 1790 2177; x_wconf 87' lang='lat' dir='ltr'><strong>meum</strong></span> 
     </span>
    </p>

    <p class='ocr_par' dir='ltr' id='par_1_4' title="bbox 383 2199 1793 2617">
     <span class='ocr_line' id='line_1_28' title="bbox 383 2199 1791 2268; baseline 0.001 -22"><span class='ocrx_word' id='word_1_216' title='bbox 383 2203 388 2208; x_wconf 80' lang='grc'><strong>’</strong></span> <span class='ocrx_word' id='word_1_217' title='bbox 411 2225 433 2247; x_wconf 76' lang='grc'><strong>&gt;&gt;</strong></span> <span class='ocrx_word' id='word_1_218' title='bbox 450 2220 581 2268; x_wconf 86' lang='lat' dir='ltr'><strong>super</strong></span> <span class='ocrx_word' id='word_1_219' title='bbox 601 2220 675 2250; x_wconf 89' lang='lat' dir='ltr'><strong>vos</strong></span> <span class='ocrx_word' id='word_1_220' title='bbox 694 2239 704 2259; x_wconf 88' lang='lat'>,</span> <span class='ocrx_word' id='word_1_221' title='bbox 734 2213 776 2248; x_wconf 89' lang='lat' dir='ltr'><strong>et</strong></span> <span class='ocrx_word' id='word_1_222' title='bbox 797 2201 952 2247; x_wconf 86' lang='lat' dir='ltr'><strong>discite</strong></span> <span class='ocrx_word' id='word_1_223' title='bbox 988 2218 1010 2245; x_wconf 89' lang='lat' dir='ltr'><strong>a</strong></span> <span class='ocrx_word' id='word_1_224' title='bbox 1043 2217 1112 2245; x_wconf 91' lang='lat' dir='ltr'><strong>me</strong></span> <span class='ocrx_word' id='word_1_225' title='bbox 1137 2199 1240 2263; x_wconf 86' lang='lat' dir='ltr'><strong>quia</strong></span> <span class='ocrx_word' id='word_1_226' title='bbox 1271 2199 1388 2245; x_wconf 90' lang='lat' dir='ltr'><strong>mitis</strong></span> <span class='ocrx_word' id='word_1_227' title='bbox 1424 2216 1518 2245; x_wconf 90' lang='lat' dir='ltr'><strong>sum</strong></span> <span class='ocrx_word' id='word_1_228' title='bbox 1548 2210 1590 2246; x_wconf 88' lang='lat' dir='ltr'><strong>et</strong></span> <span class='ocrx_word' id='word_1_229' title='bbox 1611 2200 1791 2247; x_wconf 88' lang='lat' dir='ltr'><strong>humilis</strong></span> 
     </span>
     <span class='ocr_line' id='line_1_29' title="bbox 413 2269 1789 2333; baseline 0.001 -17"><span class='ocrx_word' id='word_1_230' title='bbox 413 2273 606 2330; x_wconf 78' lang='lat' dir='ltr'><strong>»corde3</strong></span> <span class='ocrx_word' id='word_1_231' title='bbox 630 2284 673 2318; x_wconf 86' lang='lat' dir='ltr'><strong>et</strong></span> <span class='ocrx_word' id='word_1_232' title='bbox 695 2272 921 2318; x_wconf 85' lang='lat' dir='ltr'><strong>invenietis</strong></span> <span class='ocrx_word' id='word_1_233' title='bbox 946 2270 1139 2333; x_wconf 87' lang='lat' dir='ltr'><strong>requiem</strong></span> <span class='ocrx_word' id='word_1_234' title='bbox 1175 2269 1404 2316; x_wconf 85' lang='lat' dir='ltr'><strong>animabus</strong></span> <span class='ocrx_word' id='word_1_235' title='bbox 1427 2271 1589 2318; x_wconf 86' lang='lat' dir='ltr'><strong>vestris.</strong></span> <span class='ocrx_word' id='word_1_236' title='bbox 1626 2271 1651 2316; x_wconf 90' lang='lat' dir='ltr'><strong>J</strong></span> <span class='ocrx_word' id='word_1_237' title='bbox 1658 2286 1789 2331; x_wconf 82' lang='lat' dir='ltr'><strong>ugum</strong></span> 
     </span>
     <span class='ocr_line' id='line_1_30' title="bbox 413 2339 1791 2398; baseline -0.001 -8"><span class='ocrx_word' id='word_1_238' title='bbox 413 2366 435 2386; x_wconf 83' lang='lat'><strong>›&gt;</strong></span> <span class='ocrx_word' id='word_1_239' title='bbox 453 2345 567 2390; x_wconf 90' lang='lat' dir='ltr'><strong>enim</strong></span> <span class='ocrx_word' id='word_1_240' title='bbox 594 2360 737 2389; x_wconf 88' lang='lat' dir='ltr'><strong>meum</strong></span> <span class='ocrx_word' id='word_1_241' title='bbox 754 2342 866 2398; x_wconf 80' lang='lat' dir='ltr'><strong>lene,</strong></span> <span class='ocrx_word' id='word_1_242' title='bbox 888 2352 931 2387; x_wconf 83' lang='lat' dir='ltr'><strong>et</strong></span> <span class='ocrx_word' id='word_1_243' title='bbox 955 2357 1065 2387; x_wconf 91' lang='lat' dir='ltr'><strong>onus</strong></span> <span class='ocrx_word' id='word_1_244' title='bbox 1090 2357 1233 2386; x_wconf 90' lang='lat' dir='ltr'><strong>meum</strong></span> <span class='ocrx_word' id='word_1_245' title='bbox 1257 2340 1348 2386; x_wconf 86' lang='lat' dir='ltr'><strong>leve</strong></span> <span class='ocrx_word' id='word_1_246' title='bbox 1359 2339 1497 2385; x_wconf 78' lang='lat' dir='ltr'><strong>est1.»</strong></span> <span class='ocrx_word' id='word_1_247' title='bbox 1523 2341 1632 2387; x_wconf 83' lang='lat' dir='ltr'><strong>Haec</strong></span> <span class='ocrx_word' id='word_1_248' title='bbox 1655 2342 1791 2388; x_wconf 88' lang='lat' dir='ltr'><strong>disci-</strong></span> 
     </span>
     <span class='ocr_line' id='line_1_31' title="bbox 411 2409 1793 2478; baseline -0.001 -18"><span class='ocrx_word' id='word_1_249' title='bbox 411 2413 533 2478; x_wconf 85' lang='lat' dir='ltr'><strong>plina</strong></span> <span class='ocrx_word' id='word_1_250' title='bbox 561 2413 649 2477; x_wconf 85' lang='lat' dir='ltr'><strong>piae</strong></span> <span class='ocrx_word' id='word_1_251' title='bbox 672 2412 933 2459; x_wconf 86' lang='lat' dir='ltr'><strong>humilitatis</strong></span> <span class='ocrx_word' id='word_1_252' title='bbox 951 2449 962 2468; x_wconf 79' lang='grc'>,</span> <span class='ocrx_word' id='word_1_253' title='bbox 989 2421 1211 2457; x_wconf 84' lang='lat' dir='ltr'><strong>ventosam</strong></span> <span class='ocrx_word' id='word_1_254' title='bbox 1244 2420 1285 2456; x_wconf 88' lang='lat' dir='ltr'><strong>et</strong></span> <span class='ocrx_word' id='word_1_255' title='bbox 1319 2409 1545 2456; x_wconf 86' lang='lat' dir='ltr'><strong>turbidam</strong></span> <span class='ocrx_word' id='word_1_256' title='bbox 1574 2411 1793 2475; x_wconf 78' lang='lat' dir='ltr'><strong>cupidita—</strong></span> 
     </span>
     <span class='ocr_line' id='line_1_32' title="bbox 413 2482 1792 2544; baseline 0 -15"><span class='ocrx_word' id='word_1_257' title='bbox 413 2493 517 2540; x_wconf 84' lang='lat' dir='ltr'><strong>tem,</strong></span> <span class='ocrx_word' id='word_1_258' title='bbox 547 2482 720 2531; x_wconf 87' lang='lat' dir='ltr'><strong>avidam</strong></span> <span class='ocrx_word' id='word_1_259' title='bbox 756 2494 903 2529; x_wconf 80' lang='lat' dir='ltr'><strong>reru-m</strong></span> <span class='ocrx_word' id='word_1_260' title='bbox 934 2492 1048 2528; x_wconf 81' lang='lat' dir='ltr'><strong>extra</strong></span> <span class='ocrx_word' id='word_1_261' title='bbox 1070 2491 1262 2527; x_wconf 87' lang='lat' dir='ltr'><strong>nostram</strong></span> <span class='ocrx_word' id='word_1_262' title='bbox 1291 2490 1550 2544; x_wconf 86' lang='lat' dir='ltr'><strong>potestatem</strong></span> <span class='ocrx_word' id='word_1_263' title='bbox 1574 2482 1792 2529; x_wconf 86' lang='lat' dir='ltr'><strong>constitu-</strong></span> 
     </span>
     <span class='ocr_line' id='line_1_33' title="bbox 410 2549 1791 2617; baseline 0 -17"><span class='ocrx_word' id='word_1_264' title='bbox 410 2556 555 2600; x_wconf 79' lang='lat' dir='ltr'><strong>taru&#39;m</strong></span> <span class='ocrx_word' id='word_1_265' title='bbox 577 2586 594 2611; x_wconf 33' lang='grc' dir='ltr'><strong>,ψ</strong></span> <span class='ocrx_word' id='word_1_266' title='bbox 634 2553 758 2617; x_wconf 74' lang='lat' dir='ltr'><strong>pellit</strong></span> <span class='ocrx_word' id='word_1_267' title='bbox 792 2554 843 2600; x_wconf 74' lang='lat' dir='ltr'><strong>ex‘</strong></span> <span class='ocrx_word' id='word_1_268' title='bbox 875 2552 1020 2600; x_wconf 74' lang='lat' dir='ltr'><strong>animo</strong></span> <span class='ocrx_word' id='word_1_269' title='bbox 1037 2583 1050 2610; x_wconf 92' lang='lat'><strong>‚-</strong></span> <span class='ocrx_word' id='word_1_270' title='bbox 1077 2562 1119 2599; x_wconf 89' lang='lat' dir='ltr'><strong>et</strong></span> <span class='ocrx_word' id='word_1_271' title='bbox 1140 2549 1333 2617; x_wconf 83' lang='lat' dir='ltr'><strong>quodam</strong></span> <span class='ocrx_word' id='word_1_272' title='bbox 1357 2549 1490 2597; x_wconf 83' lang='lat' dir='ltr'><strong>modo</strong></span> <span class='ocrx_word' id='word_1_273' title='bbox 1511 2551 1697 2616; x_wconf 86' lang='lat' dir='ltr'><strong>expirat.-</strong></span> <span class='ocrx_word' id='word_1_274' title='bbox 1721 2553 1791 2600; x_wconf 84' lang='lat' dir='ltr'><strong>lbi</strong></span> 
     </span>
    </p>

    <p class='ocr_par' dir='ltr' id='par_1_5' title="bbox 458 2636 755 2680">
     <span class='ocr_line' id='line_1_34' title="bbox 458 2636 755 2680; baseline -0.01 -10"><span class='ocrx_word' id='word_1_275' title='bbox 458 2636 610 2671; x_wconf 76' lang='lat' dir='ltr'><strong>¹Mntth.</strong></span> <span class='ocrx_word' id='word_1_276' title='bbox 630 2647 676 2680; x_wconf 69' lang='lat' dir='ltr'><strong>xi,</strong></span> <span class='ocrx_word' id='word_1_277' title='bbox 701 2638 755 2668; x_wconf 74' lang='lat'><strong>28.</strong></span> 
     </span>
    </p>
   </div>
  </div>
 </body>
</html>
