1902 3268
599 286 812 320 ErisroLA
848 287 1048 319 Lxxxvu.
1442 277 1526 324 133

148 379 169 402 «
187 359 351 408 Omnes
373 355 487 403 enim
512 371 587 401 sua
616 363 850 417 quaerunt,
874 371 960 399 non
985 370 1086 418 quae
1120 357 1219 402 Jesu
1246 356 1440 403 Christi1
1470 376 1481 404 ι
1507 380 1527 400 n

148 447 258 495 quos
280 440 423 475 tamen
447 443 593 473 secum
621 424 751 470 fuisse
779 425 1035 472 manifestat.
1074 426 1134 471 Ex
1170 443 1258 489 quo
1293 438 1431 473 autem
1454 446 1529 487 ge·-

148 517 247 546 nere
271 509 371 545 sunt
389 535 400 554 ‚
423 497 499 562 qui
526 495 594 542 vel
617 495 869 541 thurificare
894 495 1021 541 idolis
1038 533 1048 551 ‚
1074 496 1141 542 vel
1164 497 1336 542 codices
1362 497 1532 543 divinos

150 569 317 616 tradere
336 606 346 625 ‚
373 585 508 633 quam
541 567 651 612 mori
680 567 957 614 maluerunt.
995 566 1075 611 nisi
1107 583 1152 611 ex
1174 584 1322 613 eorum
1358 568 1431 631 qui
1455 585 1529 614 sua

149 650 378 705 quaerunt,
410 656 495 685 non
517 638 620 684 Jesu
645 637 845 683 Christi?j

215 713 297 759 ΙΙΙ.
325 711 468 757 Multa
484 709 727 756 testimonia
748 708 924 771 scriptu
935 723 1077 753 rarum
1100 721 1329 771 prwteiwo,
1360 728 1411 755 ne
1432 711 1532 756 lon-

149 782 310 843 giorem
333 798 466 846 quani
493 797 660 826 necesse
677 790 739 825 est
765 779 990 842 epistolam
1018 779 1174 823 faciam
1197 816 1207 833 ,
1239 791 1279 824 et
1301 780 1534 826 eruditioni

148 863 237 899 tuae
260 853 385 917 plura
399 870 478 916 per
506 851 703 913 teipsum
724 849 1040 895 consideranda
1065 850 1291 912 permitto,
1321 850 1451 906 Quod
1474 861 1534 896 ta-

148 941 248 970 men
270 925 370 970 satis
393 934 478 979 est,
513 922 612 969 vide
635 922 814 967 obsecro
837 939 847 966 z
879 920 923 966 Si
947 931 1032 965 tam
1060 920 1186 966 multi
1210 921 1350 985 iniqui
1374 922 1419 967 in
1446 938 1533 968 uno

148 996 318 1061 populo
346 996 422 1042 Dei
454 1013 525 1042 eos
544 1033 554 1051 ‚
593 994 670 1058 qui
693 1011 838 1040 seeum
865 994 1152 1041 versabantur
1176 1032 1185 1048 ,
1220 1013 1305 1040 non
1336 995 1534 1041 fecerunt

149 1067 253 1113 tales
270 1102 280 1122 ‚
306 1066 457 1132 quales
494 1066 576 1130 ipsi
603 1076 724 1111 erant
747 1086 757 1118 3
786 1065 818 1110 si
847 1064 1085 1110 multitudo
1113 1065 1184 1110 illa
1208 1065 1415 1111 falsorum
1441 1067 1534 1111 sra-

151 1149 267 1184 trum
295 1137 558 1202 Apostolum
581 1136 766 1182 Paulum
783 1173 793 1190 ,
818 1136 862 1181 in
894 1153 977 1180 una
1014 1152 1113 1181 cum
1134 1136 1191 1180 cis
1217 1136 1403 1182 Ecclesia
1428 1153 1534 1182 con-

149 1209 368 1265 stitutum,
382 1225 469 1254 non
494 1207 680 1254 fecitsua
697 1217 985 1271 quaerentem‚
1005 1224 1090 1251 non
1106 1223 1205 1269 quae
1224 1206 1325 1252 <lesu
1348 1206 1532 1260 (sslhristi3

151 1279 424 1326 manifestum
448 1289 509 1325 est
536 1295 623 1324 non
650 1278 738 1324 hoe
769 1277 878 1323 effici
906 1277 1128 1323 hominem
1146 1315 1156 1332 ‚
1179 1277 1295 1341 quod
1315 1290 1376 1324 est
1397 1278 1534 1324 malus

149 1352 380 1414 quisquam
401 1387 412 1404 ‚
441 1366 542 1395 eum
566 1366 654 1414 quo
681 1349 734 1394 ad
760 1349 892 1393 altare
924 1348 1086 1393 Christi
1105 1349 1346 1404 acceditur,
1369 1350 1535 1394 etiamsi

150 1437 239 1467 non
258 1422 312 1466 sit
330 1420 577 1480 incognitus
596 1457 606 1475 ,
634 1422 666 1465 si
693 1429 860 1464 tantum
883 1436 971 1464 non
1000 1420 1291 1482 approbetur,
1319 1429 1361 1464 et
1380 1420 1534 1464 aliona

151 1491 413 1538 conscientia
438 1490 712 1554 displicendo
740 1501 976 1554 separetur.
1009 1489 1290 1536 Manifestum
1316 1501 1378 1536 est
1400 1490 1533 1550 igitur

150 1580 237 1610 non
261 1580 348 1609 esse
375 1561 493 1609 aliud
520 1579 620 1608 cuin
645 1562 740 1608 fure
766 1579 1044 1617 concurrere,
1076 1562 1157 1607 nisi
1184 1561 1249 1608 vel
1274 1561 1411 1607 furari
1432 1578 1534 1607 eum

151 1651 201 1681 eo
221 1671 231 1688 ‚
255 1634 323 1680 vel
338 1632 508 1680 furtum
533 1636 624 1692 ejus
646 1632 790 1679 cordis
814 1632 978 1696 placito
1006 1632 1218 1695 accipere.
1246 1633 1343 1678 Hoc
1363 1649 1438 1677 nos
1463 1631 1537 1677 di-

152 1705 292 1750 cimus
310 1741 320 1760 ,
345 1714 394 1750 ut
411 1705 675 1768 quaestiones
699 1703 892 1749 infinitas
923 1713 1052 1766 atque
1073 1702 1316 1765 superfluas
1336 1701 1389 1748 cle
1411 1701 1535 1748 factis

154 1774 384 1820 hominum
404 1811 415 1831 ‚
451 1789 552 1837 quae
576 1774 784 1819 rationem
813 1783 1003 1818 nostram
1026 1773 1137 1818 nihil
1159 1772 1426 1835 impediunt,
1453 1789 1533 1818 au-

153 1846 356 1892 feramus.

222 1915 294 1963 1V.
334 1914 419 1961 Sed
443 1925 485 1961 et
509 1931 586 1961 vos
610 1913 691 1959 nisi
720 1913 808 1959 hoe
841 1914 1033 1959 sentiatis
1055 1950 1064 1969 ‚
1090 1912 1192 1958 tales
1209 1913 1327 1959 eritis
1352 1931 1499 1960 omnes
1521 1951 1532 1970 ,

152 1986 293 2051 qualis
320 1985 513 2050 Optatus
546 1985 591 2031 in
618 1995 758 2029 vestra
789 1984 1098 2029 communione
1129 1983 1254 2029 vobis
1287 2001 1374 2029 non
1407 1984 1535 2044 igno-

154 2057 444 2104 rantibusfuit
458 2074 469 2102 :
485 2055 601 2121 quod
625 2055 739 2101 absit
759 2055 816 2100 ab
836 2055 1013 2100 Emeriti
1035 2054 1250 2110 moribUS‚
1267 2054 1538 2119 aliorumque

156 2128 336 2184 talium,
366 2127 513 2192 quales
546 2126 665 2190 apud
697 2143 774 2172 vos
803 2143 889 2172 esse
910 2143 999 2171 non
1034 2125 1190 2171 dubito
1212 2124 1338 2186 longe
1368 2144 1390 2171 a
1412 2126 1539 2172 factis

154 2199 271 2246 illius
302 2199 476 2245 alienos.
512 2198 660 2262 Neque
691 2199 805 2244 enim
835 2198 956 2243 vobis
984 2198 1220 2257 objicimus
1243 2234 1253 2253 ,
1282 2197 1363 2243 nisi
1394 2197 1538 2242 schis-

156 2270 283 2316 matis
316 2270 481 2315 crimen
516 2285 649 2332 quam
675 2269 801 2314 etiam
840 2268 1039 2314 haeresim
1074 2266 1186 2312 male
1220 2267 1538 2330 perseverando

156 2339 327 2386 fecistis.
356 2339 521 2397 Quanti
551 2350 695 2385 autem
723 2338 1060 2399 divinojudieio
1083 2337 1304 2402 pendatur
1325 2337 1411 2384 hoe
1430 2337 1540 2383 faei-

158 2428 239 2459 nus
255 2449 265 2466 ‚
291 2409 382 2472 lege
406 2410 526 2475 quod
548 2421 586 2457 te
610 2411 756 2471 legisse
781 2429 866 2457 non
889 2411 1078 2471 ambigo,
1101 2409 1297 2455 Invenies
1322 2409 1501 2455 Dathan
1519 2408 1536 2437 ‘2

158 2494 201 2530 et
221 2483 388 2531 Abiron
415 2482 541 2530 hiatu
567 2493 695 2529 terrae
716 2482 961 2537 devoratos,
987 2492 1252 2546 caeterosque
1279 2497 1444 2537 omnes,
1464 2480 1540 2545 qui

158 2556 218 2602 eis
240 2567 547 2603 consenserant
565 2592 576 2612 ,
619 2554 716 2616 igne
750 2554 804 2601 de
827 2553 971 2600 medio
1007 2570 1154 2600 eorum
1191 2553 1393 2600 existente
1427 2569 1538 2598 con-

211 2642 216 2661 ¹
240 2637 357 2681 Philip.
378 2649 421 2680 rr,
438 2651 493 2670 ⁰2¹.
516 2656 557 2662 —-
576 2637 697 2671 ‘²Num.
721 2651 787 2673 (vr.
806 2641 856 2669 32v
