1902 3268
373 295 460 350 146
768 302 801 330 S.
851 298 1089 329 AUGUSTINI
1127 297 1346 329 Etttscort.

369 388 457 419 rem
475 366 630 415 nostris
647 363 877 428 episcopis,
898 364 1045 409 eadem
1065 364 1158 410 auri
1178 363 1540 409 condemnatione
1561 361 1746 408 mulcta·

371 455 439 489 tus
473 441 566 486 est?
599 435 690 482 Ex'l
717 434 903 479 concilio
930 445 1068 479 autem
1107 436 1240 479 nostri
1270 435 1462 497 episcopi
1501 434 1658 495 legatos
1692 433 1744 480 ad

367 512 622 560 comitatum
658 505 865 551 miserunt
889 541 898 555 ,
937 505 1013 566 qui
1050 505 1366 567 impetrarent.
1409 517 1566 551 utnon
1600 522 1747 552 omnes

366 580 558 647 episcopi
583 616 592 631 ,
621 587 663 623 et
686 574 830 622 clerici
859 576 993 637 partis
1012 587 1164 621 vestrae
1184 576 1239 621 ad
1258 575 1450 621 eamdem
1485 577 1747 622 condemna·

369 656 526 700 tionem
553 649 700 695 decem
728 646 941 691 librarum
985 647 1109 701 auri,
1140 663 1241 709 quae
1274 647 1317 691 in
1347 664 1496 692 omncs
1518 647 1748 693 haereticos

364 723 598 771 constituta
619 729 706 773 est,
733 728 980 763 tenerentur
1001 717 1018 745 ‘2
1041 737 1052 770 ;
1075 717 1147 763 sed
1176 717 1218 762 Ιιί
1250 717 1327 762 soli
1358 717 1609 781 inquorum
1639 717 1748 763 locis

366 795 530 858 aliquas
554 810 575 837 a
600 789 750 836 vestris
782 786 1010 833 violentias
1048 788 1237 834 Ecclesia
1262 787 1479 833 catholica
1502 798 1740 852 pateretur,

367 865 448 911 Sed
470 881 568 910 cum
589 860 717 921 legati
735 860 916 904 Romam
934 863 1264 919 venerunt‚jam
1281 858 1505 905 cicatrices
1525 858 1748 923 opiscopiss

364 934 572 983 catholici
601 929 823 991 Bag-anani
851 929 1082 974 liorrendae
1103 947 1152 975 ac
1184 930 1486 975 recentissima}
1506 932 1747 993 Imperato-

364 1025 453 1053 rem
481 1011 836 1051 commoverant.
861 1011 909 1045 ut
939 1000 1049 1060 leges
1080 1001 1181 1046 tales
1205 1001 1477 1046 mitterentur
1501 1037 1511 1056 ‚
1539 1001 1689 1065 quales
1709 1011 1748 1047 et

362 1078 500 1123 missae
524 1085 637 1120 suut.
670 1071 845 1128 Quibus
867 1072 908 1114 in
940 1070 1129 1116 Africam
1154 1072 1446 1126 venientibus,
1475 1088 1574 1116 cum
1600 1072 1748 1135 utique

362 1164 451 1193 non
479 1145 530 1191 ad
556 1143 714 1189 malum
737 1178 747 1196 ,
784 1140 857 1184 sed
887 1140 938 1184 ad
966 1141 1130 1186 bonum
1164 1142 1406 1203 coepissetis
1433 1142 1601 1202 urgeri,
1638 1141 1746 1204 quid

362 1222 501 1267 facere
521 1215 748 1263 debebatis
770 1214 846 1259 nisi
869 1224 911 1258 et
928 1230 1002 1259 vos
1024 1214 1194 1260 mittere
1219 1214 1271 1260 ad
1297 1215 1526 1279 episcopos
1551 1225 1718 1261 nostros
1739 1250 1749 1271 ‚

363 1287 654 1355 utquomodo
677 1302 751 1331 vos
783 1284 865 1348 ipsi
901 1296 1223 1341 convenerant,
1259 1286 1321 1331 sic
1354 1286 1693 1333 convenirentur
1726 1303 1747 1333 a

364 1363 513 1412 vobis,
537 1370 577 1405 et
597 1358 741 1422 potius
764 1354 997 1401 collatione
1025 1357 1180 1402 veritas
1210 1360 1475 1420 appareret?

430 1432 554 1478 Vlll.
588 1431 687 1474 Non
706 1427 845 1473 solum
872 1436 1013 1471 autem
1037 1444 1122 1473 non
1150 1426 1310 1473 fi›cistis
1333 1465 1343 1483 ‚
1370 1428 1440 1474 sed
1465 1432 1610 1493 pejora
1636 1429 1748 1475 mala

364 1505 493 1551 nobis
536 1499 665 1547 vestri
711 1515 831 1544 nunc
870 1496 1050 1545 faciunt.
1097 1500 1195 1544 Non
1239 1510 1407 1545 tantum
1449 1517 1527 1546 nos
1560 1499 1750 1546 fustibus

366 1582 572 1639 quassant
613 1570 812 1632 ferroque
862 1567 1103 1614 concidunt
1140 1586 1150 1614 ε
1194 1570 1474 1615 verumetiam
1515 1571 1559 1616 in
1601 1569 1749 1616 oculos

364 1642 675 1705 extinguendos
710 1639 871 1685 calcem
909 1640 1041 1685 mixto
1077 1651 1197 1687 aceto
1240 1641 1488 1687 incredibili
1530 1642 1748 1701 excogita—

365 1718 480 1763 tione
516 1712 684 1759 sceleris
721 1710 916 1756 mittunt.
961 1711 1128 1756 Domus
1167 1711 1342 1774 insuper
1378 1723 1544 1757 nostras
1575 1713 1750 1776 compi-—

363 1790 521 1840 lantes,
545 1801 662 1830 arma
689 1782 771 1827 sibi
802 1782 988 1840 iugentia
1015 1793 1056 1827 et
1083 1782 1291 1828 terribilia
1317 1782 1589 1829 fabricarunt
1607 1820 1617 1837 ‚
1645 1784 1749 1847 qui-

362 1859 446 1905 bus
472 1854 627 1901 armati
662 1870 740 1915 per
769 1851 935 1897 diversa
958 1851 1210 1898 discurrunt
1234 1891 1245 1908 ‚
1278 1853 1590 1909 comminantes
1621 1865 1749 1918 atquc

366 1927 617 1975 anhelantes
648 1922 806 1976 czrch,
829 1922 1001 1984 rapinas
1023 1959 1033 1973 „
1061 1923 1263 1968 incendia
1283 1960 1293 1977 ‚
1317 1924 1546 1972 caecitates,
1573 1925 1749 1981 Quibus

363 2000 495 2046 rebus
514 1994 730 2057 compulsi
762 2010 910 2038 sumus
931 1994 1009 2039 tilii
1038 1995 1236 2058 primitus
1262 1996 1495 2059 conqueri,
1530 2006 1577 2041 ut
1608 1997 1748 2042 consi-

364 2070 483 2116 deret
503 2066 689 2127 gravitas
708 2076 845 2108 vestra
865 2080 994 2127 quam
1017 2064 1144 2110 multi
1162 2076 1370 2118 vestrum,
1388 2066 1474 2111 imo
1495 2083 1569 2111 vos
1583 2083 1746 2124 omnes,

363 2141 438 2206 qui
460 2155 536 2184 vos
558 2136 648 2200 pati
682 2134 825 2180 dicitis
853 2135 1196 2198 persecutionem
1215 2173 1225 2192 ‚
1263 2136 1345 2180 sul)
1374 2135 1478 2199 ipsis
1509 2136 1631 2200 quasi
1667 2147 1749 2183 ter·

362 2209 567 2258 ribilibus
590 2208 909 2269 Imperatorum
935 2206 1252 2251 catholicorum
1280 2206 1448 2266 legibus
1465 2244 1475 2262 ‚
1507 2207 1550 2253 iu
1579 2224 1748 2271 posses-

363 2281 558 2329 sionibus
577 2279 727 2323 vestris
750 2286 791 2320 et
818 2276 964 2321 alienis
992 2276 1129 2322 securi
1157 2277 1336 2322 sedeatis
1358 2313 1369 2332 ,
1390 2287 1431 2322 ct
1453 2294 1530 2323 nos
1548 2295 1569 2323 a
1600 2277 1747 2324 vestris

363 2364 451 2399 tam
477 2348 672 2396 inaudita
697 2346 806 2391 mala
826 2346 1060 2409 patiamur.
1092 2346 1177 2392 Vos
1202 2346 1346 2392 dicitis
1370 2347 1460 2410 pati
1483 2348 1746 2411 persecutio-

362 2439 460 2470 nem
483 2440 494 2472 ς
523 2430 563 2464 et
587 2435 664 2463 nos
691 2418 745 2462 ab
777 2418 953 2463 armatis
983 2418 1133 2463 vestris
1159 2418 1349 2463 fustibus
1372 2428 1413 2464 et
1448 2417 1560 2464 ferro
1587 2418 1743 2464 conci—

359 2495 521 2541 dimur.
555 2490 639 2535 Vos
657 2488 803 2534 dicitis
824 2490 915 2552 pati
941 2490 1282 2554 persecutionem
1303 2509 1314 2544 ;
1341 2500 1381 2535 et
1405 2501 1565 2536 nostrae
1587 2489 1745 2535 domus

403 2599 414 2621 1
431 2592 615 2635 Carthagin-
630 2591 741 2622 C0n1·il
772 2591 823 2621 die.
840 2592 893 2622 26,
917 2591 1023 2633 junii,
1044 2601 1095 2625 an,
1115 2596 1191 2627 4424·
1215 2603 1261 2613 Μ
1286 2587 1302 2613 2
1322 2590 1402 2623 Vide
1422 2589 1513 2635 episl'
1534 2591 1599 2622 Σ35
1619 2600 1690 2635 cap·
1714 2599 1744 2630 7·

353 2665 387 2687 u.
408 2655 451 2684 αθ
473 2658 505 2683 et
523 2660 580 2688 27.
601 2662 644 2671 ε·-
666 2644 680 2667 3
697 2646 895 2677 Maximiani.
