1902 3268
342 287 437 344 314
752 301 787 333 s.
830 299 1075 334 sconsum
1109 300 1315 335 EPISCOPI

347 468 722 482 Mtwmzvsmm
741 470 757 479 ἰ
768 468 1705 486 ῆ-Μνιὶννυψαιωωωνιωιιινκῑαδιςαωνὶννδ

795 584 1058 630 EPISTOLA
1095 589 1226 632 CVIII
1244 589 1274 633 ¹.

543 706 720 746 Domino
737 704 886 746 dilecto
904 706 1017 745 fratri
1037 706 1244 747 Maenomo
1264 709 1520 750 Auensrmns.

339 838 449 896 Agit
467 838 519 878 do
535 852 624 878 ‘non
642 837 845 878 iterando
865 835 1080 894 baptismo
1092 869 1106 886 ‚
1123 852 1364 895 coarguens
1384 837 1722 880 Donatistarum

397 905 477 946 lzao
499 905 548 945 ίη
564 919 611 945 re
631 906 959 946 contumaciam
972 923 989 954 ,·
1010 907 1169 964 quippe
1187 907 1265 961 qui
1287 905 1724 947 Maaeimianensium

400 972 619 1030 baptisma
639 981 789 1014 ratum
814 971 1078 1016 habuerunt.
1115 974 1304 1017 Ευίηοὶι
1329 973 1517 1016 subinde
1549 974 1724 1016 nullam

392 1055 461 1084 cos
479 1039 727 1083 schismatis
746 1040 907 1082 edendi
921 1042 1098 1097 justam
1120 1057 1301 1084 eausam
1323 1041 1536 1086 habuisse.

406 1186 440 1232 I.
473 1189 745 1232 CHAlussIMl
770 1183 850 1229 filii
876 1183 962 1231 mci
985 1183 1263 1231 honorabiles
1286 1184 1397 1243 viri,
1414 1184 1587 1231 eumad
1603 1195 1725 1233 tuam

339 1255 683 1302 benevolentiam
713 1253 956 1300 attulissent
985 1256 1173 1301 Litteras
1207 1272 1345 1311 meas,
1374 1255 1537 1318 quibus
1564 1255 1724 1302 admo-

338 1327 414 1373 nui
431 1326 666 1390 rogavique
688 1336 751 1382 te,
774 1342 828 1371 ne
852 1325 1176 1373 subdiaconum
1197 1337 1393 1372 nostrum
1412 1326 1721 1390 rebaptizares,

338 1397 653 1460 rescripserunt
676 1395 788 1441 mihi
811 1406 851 1442 te
869 1396 1140 1461 respondisse
1164 1415 1174 1442 ι
1199 1398 1335 1444 «Non
1364 1413 1543 1461 possum
1562 1397 1644 1443 nisi
1668 1397 1725 1444 ad

338 1489 360 1510 »
385 1485 454 1514 me
471 1466 688 1514 venientes
704 1467 920 1529 suscipere
934 1504 946 1522 ‚
967 1478 1010 1512 et
1025 1466 1083 1513 eis
1103 1467 1236 1513 fidem
1256 1484 1388 1531 quam
1407 1466 1725 1531 postulaverint

337 1537 469 1582 daret
497 1558 518 1578 ))
542 1547 584 1582 et
618 1546 763 1581 tamen
784 1535 817 1581 si
846 1534 902 1581 ad
923 1546 964 1582 te
993 1536 1160 1582 venerit
1181 1537 1226 1583 in
1250 1547 1392 1583 vestra
1412 1536 1725 1583 communione

335 1607 585 1671 baptizatus
602 1642 614 1661 ,
641 1607 717 1669 qui
741 1605 819 1651 diu
841 1624 864 1651 a
886 1606 1010 1652 vobis
1037 1617 1260 1670 separatus
1282 1606 1366 1652 fuit
1384 1644 1396 1662 ,
1420 1616 1462 1652 et
1491 1623 1571 1669 per
1593 1606 1723 1667 igno-

335 1677 521 1724 rantiam
548 1694 591 1723 se
608 1676 829 1740 putaverit
861 1675 1004 1723 denuo
1024 1677 1343 1741 baptizandum
1360 1715 1371 1734 ‚
1396 1676 1530 1741 idque
1554 1694 1725 1742 popos-

335 1748 441 1796 cerit
457 1785 469 1805 ‚
492 1765 595 1795 cum
618 1747 841 1811 quaesieris
859 1758 900 1793 et
920 1749 1176 1809 cognoveris
1200 1749 1277 1794 ubi
1296 1749 1427 1795 fuerit
1446 1749 1720 1812 baptizatus,

334 1819 515 1883 suscipis
534 1818 714 1883 quidem
736 1818 791 1864 ad
812 1829 852 1864 te
865 1819 1110 1865 venientem
1127 1856 1137 1876 ,
1162 1837 1241 1866 nec
1266 1830 1411 1865 tamen
1434 1819 1472 1865 ei
1494 1819 1570 1864 das
1587 1836 1723 1883 quam

334 1889 529 1953 postulat
550 1888 681 1936 fidem
703 1926 714 1946 ,
735 1887 810 1935 sed
830 1888 959 1935 doces
986 1889 1211 1936 hominem
1242 1889 1403 1936 habere
1432 1888 1551 1952 quod
1583 1888 1719 1952 petit,

333 1977 412 2006 nec
442 1961 574 2007 verba
594 1960 775 2006 errantis
797 1960 984 2005 attendis
1001 1997 1011 2015 ‚
1035 1961 1107 2006 sed
1129 1960 1323 2007 studium
1361 1960 1544 2006 adhibes
1579 1959 1722 2006 corri-

335 2031 485 2091 gentis.
512 2029 626 2076 Male
652 2047 752 2090 ergo
781 2028 960 2075 dantem
982 2066 993 2086 ,
1021 2030 1140 2093 quod
1160 2033 1251 2090 jam
1288 2029 1484 2076 dandum
1507 2045 1595 2075 non
1625 2039 1717 2087 est,

334 2112 376 2147 et
398 2110 717 2147 sacramentum
738 2099 858 2164 quod
876 2099 1028 2147 datum
1052 2111 1114 2147 est
1129 2101 1365 2147 violantem
1389 2116 1491 2146 suus
1509 2116 1630 2145 error
1648 2116 1720 2146 ac-

333 2182 472 2227 cusat,
508 2188 594 2217 non
620 2171 831 2234 petentis2
859 2182 1045 2218 excusat.
1087 2172 1170 2218 Dic
1201 2172 1349 2234 itaque
1373 2170 1511 2226 mihi,
1537 2170 1719 2216 obsecro

336 2253 376 2288 te
394 2281 404 2298 ‚
426 2242 652 2306 quomodo
675 2259 765 2288 non
790 2241 952 2288 habeat
989 2242 1065 2306 qui
1091 2242 1244 2305 petivit
1268 2243 1346 2288 abs
1375 2252 1439 2298 te,
1474 2240 1597 2304 quod
1625 2244 1721 2300 jam

336 2324 563 2377 acceperat
585 2330 663 2376 per
683 2316 781 2359 me?
799 2312 842 2358 Si
865 2324 1046 2377 propter
1064 2313 1246 2359 alienam
1268 2330 1423 2376 aquam
1437 2349 1447 2367 ‚
1468 2322 1510 2357 et
1530 2310 1719 2357 alienum

332 2383 523 2439 fontem,
561 2383 680 2447 quod
718 2383 856 2429 solent
888 2383 1032 2430 dicere
1060 2383 1137 2447 qui
1171 2401 1258 2429 non
1298 2382 1574 2443 intelligunt,
1614 2382 1720 2446 quia

332 2455 549 2518 scriptum
588 2464 651 2500 est
677 2453 780 2516 (44)
803 2471 814 2500 ι
838 2475 857 2495 «
878 2454 947 2499 Ab
977 2471 1089 2518 aqua
1115 2454 1253 2500 aliena
1294 2453 1461 2499 abstine
1487 2462 1554 2508 te,
1590 2461 1632 2497 et
1663 2451 1719 2499 de

380 2572 388 2594 ¹
410 2571 500 2604 Alias
527 2582 622 2603 cccv.
656 2581 726 2611 quae
746 2576 851 2602 autem
880 2573 937 2602 108
967 2577 1050 2609 orat.
1077 2582 1163 2605 nunc
1195 2572 1273 2602 265.
1301 2589 1345 2595 —
1377 2569 1500 2613 Scripta
1523 2568 1618 2612 paulo
1643 2572 1715 2612 post

330 2627 547 2672 superiorem.
565 2644 608 2650 —
624 2624 639 2647 ²
668 2628 739 2657 ζον.
763 2625 915 2668 potentis.
