1902 3268
340 212 425 266 184
762 227 795 258 s.
841 225 1084 259 ,incusum
1121 227 1323 260 viscort

336 302 566 358 poterant,
588 292 708 357 quod
735 303 1006 339 accusatores
1029 295 1196 340 etiamsi
1225 306 1463 352 noverant,
1498 306 1643 342 tamen
1658 294 1716 342 eis

339 363 562 410 ostendere
583 381 669 410 non
696 363 928 409 valebant'.3
951 365 1041 410 Hos
1068 382 1166 424 ergo
1192 366 1247 410 ab
1274 366 1357 411 hoc
1383 367 1564 413 crimine
1584 367 1716 412 inno-

339 446 484 482 centes
523 451 639 489 esse,
680 450 835 496 nempe
871 435 962 496 ipsa
996 436 1239 494 ignorantia
1274 436 1479 483 facillime
1509 436 1710 483 ostendit.

343 507 434 552 Cur
465 522 563 564 ergo
590 505 840 550 innoeentes
873 504 989 549 falsis
1017 505 1274 551 criminibus
1301 519 1588 561 accusantur,
1618 507 1720 570 quia

344 575 526 623 crimina
553 574 688 620 aliena
713 591 786 619 seu
815 574 918 620 falsa
944 591 1015 620 seu
1046 592 1145 620 vera
1168 577 1447 623 nescierunt?
1469 578 1577 634 Quis
1600 577 1723 622 locus

346 646 606 693 innocentiae
627 657 893 692 reservatur.
922 646 954 691 si
983 646 1146 692 crimen
1169 657 1229 691 est
1261 648 1490 711 proprium
1512 686 1523 705 ‚
1564 649 1724 694 nescire

345 718 510 763 crimen
532 717 717 763 alienum
737 720 754 762 ἶ)
774 717 911 762 Porro
937 717 968 762 si
1003 727 1066 763 tot
1088 718 1278 776 gentium
1306 719 1519 782 populos,
1541 720 1633 782 ipsa
1657 718 1726 778 ig-

350 789 546 835 norantia
569 826 579 843 ‚
617 789 730 834 sicut
761 787 928 834 dictum
953 799 1015 834 est
1036 826 1046 844 ‚
1084 790 1336 834 innocentes
1360 789 1573 847 ostendit,
1593 806 1727 853 quam

352 877 559 920 magnum
595 860 759 905 crimen
795 860 850 905 ab
879 859 1059 905 istorum
1094 860 1391 905 innocentium
1423 860 1731 906 communione

353 931 577 995 separari?
600 932 709 977 'Nam
732 941 773 976 et
793 931 907 977 sacta
928 932 1198 987 nocentium,
1220 948 1322 994 quae
1338 931 1646 977 innocentibus
1659 930 1732 976 de·

351 1003 614 1058 monstrari,
641 1002 706 1049 vel
735 1003 792 1047 ab
816 1003 1123 1048 innocentibus
1144 1002 1261 1047 credi
1288 1020 1376 1048 non
1400 1013 1581 1066 possunt
1605 1039 1615 1058 ,
1643 1019 1731 1048 non

355 1073 587 1137 inquinant
623 1089 911 1136 quemquam,
951 1073 983 1118 si
1015 1083 1198 1136 propter
1230 1074 1526 1119 innocentium
1553 1090 1734 1119 consor-

353 1146 463 1191 tium
482 1145 612 1190 etiam
636 1143 807 1204 cognita
827 1143 1107 1189 sustinentur.
1141 1144 1236 1188 Non
1264 1143 1377 1189 enim
1397 1154 1580 1206 propter
1600 1142 1737 1189 malos

359 1217 466 1264 boni
492 1216 746 1272 deserendi,
771 1217 841 1262 secl
869 1227 1051 1280 propter
1081 1216 1221 1261 bonos
1248 1215 1349 1262 mali
1373 1216 1586 1262 tolerandi
1610 1226 1735 1261 suntt

358 1288 470 1334 sicut
495 1287 788 1333 toleraverunt
827 1288 1095 1351 Prophetae,
1129 1297 1281 1332 contra
1314 1304 1424 1350 quos
1461 1298 1579 1333 tanta
1615 1287 1739 1333 dice-

361 1361 498 1416 bant,
540 1376 617 1405 nec
644 1359 997 1404 communionem
1032 1369 1400 1404 sacramentorum
1435 1359 1552 1405 illius
1586 1357 1741 1422 populi

364 1430 672 1494 relinquebant
689 1449 700 1484 ς
718 1429 934 1493 sicutipse
957 1429 1171 1475 Dominus
1186 1439 1410 1474 nocentem
1431 1428 1589 1475 Judam
1610 1444 1744 1492 usque

364 1501 418 1548 ad
442 1500 710 1561 condignum
731 1504 823 1561 ejus
848 1500 1006 1546 exitum
1031 1499 1257 1553 toleravit,
1282 1509 1323 1545 et
1340 1517 1435 1546 eum
1461 1517 1623 1545 sacram
1648 1515 1745 1544 coe-

364 1589 462 1619 nam
488 1588 586 1617 Cum
613 1570 922 1616 innocentibus
943 1569 1269 1616 communicare
1292 1570 1516 1632 permisit;
1544 1569 1656 1615 sicut
1675 1579 1748 1613 to-

364 1644 559 1689 lerarunt
592 1642 787 1704 Apostoli
821 1659 891 1687 eos
914 1679 924 1690 .
947 1642 1024 1705 qui
1060 1659 1138 1704 per
1181 1640 1388 1686 invidiam
1425 1640 1577 1703 (quod
1614 1639 1750 1703 ipsius

366 1713 532 1759 diaboli
556 1711 709 1758 vitium
735 1715 824 1774 estf)
860 1713 1085 1758 Christum
1114 1711 1466 1761 annuntiabant;
1503 1711 1614 1756 sicut
1640 1709 1750 1755 tole-

367 1784 481 1831 ravit
502 1784 752 1847 Cyprianus
777 1784 1041 1843 collegarum
1068 1783 1315 1835 avaritiam,
1347 1799 1479 1846 quam
1510 1781 1750 1827 secundum

373 1854 630 1919 Apostolum
682 1854 877 1918 appellat
914 1853 1223 1900 idololatriam.
1272 1853 1495 1898 Postremo
1535 1850 1753 1916 quidquid

369 1937 476 1971 tunc
503 1926 613 1971 inter
646 1924 743 1970 illos
766 1925 995 1987 episcopos
1024 1935 1191 1983 gestum
1224 1934 1313 1976 est,
1355 1923 1523 1968 etiamsi
1557 1922 1667 1968 forte
1697 1921 1754 1967 ab

374 1995 596 2059 aliquibus
613 2011 761 2040 eorum
785 1995 1020 2049 sciebatur,
1037 1995 1070 2039 si
1089 2011 1177 2060 non
1194 1994 1247 2039 sit
1259 1993 1456 2056 acceptio
1470 2009 1755 2056 personarum

372 2084 490 2113 nunc
518 2067 574 2111 ab
604 2066 810 2112 omnihus
836 2066 1076 2125 ignoratur,
1115 2066 1206 2111 Cur
1238 2082 1338 2125 ergo
1362 2082 1449 2110 non
1474 2064 1529 2110 ab
1553 2064 1757 2109 omnibus

376 2155 457 2202 pax
483 2139 688 2182 aniatur‘?
712 2136 819 2182 Haec
831 2135 1036 2182 facillime
1057 2136 1247 2195 cogitare
1270 2135 1466 2199 possetis,
1492 2146 1565 2180 aut
1583 2134 1759 2180 fortasse

374 2209 504 2255 etiam
529 2206 741 2267 cogitatis.
774 2206 857 2252 Sed
884 2206 1036 2252 melius
1055 2217 1162 2262 erat,
1194 2218 1240 2252 ut
1264 2206 1458 2252 amaretis
1475 2206 1760 2269 possessiones

378 2291 583 2333 terrenas,
599 2294 705 2341 quas
719 2276 910 2322 timendo
935 2276 1111 2340 perdere
1140 2277 1325 2337 cognitae
1343 2277 1513 2323 veritati
1541 2275 1760 2322 consenti-

377 2349 478 2395 retis
496 2385 506 2405 ,
540 2365 670 2412 quam
699 2359 745 2393 ut
770 2348 968 2394 amaretis
994 2348 1268 2394 vanissimam
1295 2348 1527 2394 hominum
1548 2348 1729 2408 gloriam
1748 2385 1759 2404 ‚

376 2436 510 2484 quam
520 2436 595 2464 vos
612 2419 777 2481 putatis
790 2418 988 2482 perdere,
1007 2418 1040 2465 si
1059 2420 1244 2479 cognitae
1263 2419 1432 2466 veritati
1445 2419 1758 2465 consenseritis,

445 2489 563 2536 XVI.
595 2488 724 2536 Vides
747 2489 893 2554 itaque
918 2494 1012 2552 jam
1032 2527 1044 2547 ‚
1072 2499 1119 2536 ut
1153 2490 1340 2554 opinor,
1382 2506 1470 2536 non
1503 2506 1591 2536 esse
1616 2489 1764 2536 consi-

380 2560 622 2609 derandum
664 2561 784 2625 quod
823 2563 1006 2626 quisque
1046 2562 1239 2623 cogitur2
1286 2561 1356 2608 sed
1383 2560 1511 2625 quale
1555 2561 1609 2608 sit
1656 2559 1763 2607 illud
