1902 3268
357 266 416 311 30
780 278 813 307 s.
861 278 1003 307 Arous
1009 278 1103 306 rm
1145 277 1236 306 {31¹1}
1243 277 1341 306 eor

358 346 572 391 currimus
590 355 801 408 quantum
816 345 1096 407 potuimus.
1084 345 1229 399 Nune,
1254 360 1289 390 te
1309 355 1525 397 currente,
1544 354 1585 389 et
1604 343 1733 403 longa

359 417 498 481 spatia
521 419 827 462 transmeante?
855 415 983 461 nobis
1007 415 1192 461 debetur
1215 416 1350 461 otium
1377 432 1387 459 :
1414 414 1628 478 simulque
1656 416 1737 476 (ut

358 505 459 534 cum
478 487 599 533 venia
617 498 658 532 et
682 487 848 532 honore
874 496 949 532 tuo
977 486 1156 532 dixerim
1174 487 1190 549 )
1210 504 1263 533 ne
1282 486 1398 532 solus
1416 485 1525 531 mihi
1549 484 1603 531 de
1619 489 1735 548 po'e-

360 559 414 606 tis
456 555 620 620 aliquid
665 556 942 620 proposuisse
977 555 1162 602 videaris
1180 593 1192 613 ‚
1236 567 1450 603 memento
1497 555 1666 601 Daretis
1695 565 1737 601 et

360 628 538 685 Entelli,
564 638 607 674 et
622 627 811 688 vulgaris
828 626 1050 692 proverbii
1069 663 1081 683 ,
1107 627 1227 691 quod
1252 628 1334 674 hos
1352 627 1484 674 lassus
1508 626 1663 673 fortius
1679 627 1737 672 fi-

360 710 431 760 gat
451 697 652 764 pedem1.
679 699 838 744 Tristes
858 698 956 745 haec
976 697 1255 745 dictavimus.
1279 698 1455 746 Utinam
1477 714 1738 745 mereremur

359 769 609 833 complexus
632 779 727 816 tuos
751 780 792 816 et
806 768 1037 816 collatione
1058 779 1207 815 mutua
1225 767 1557 816 veldoceremus
1572 767 1738 831 aliqua,

357 840 425 889 vel
445 841 722 887 disceremus.
748 862 769 883 »

426 912 508 956 111.
526 933 545 953 α
561 911 684 957 Misit
707 910 836 968 mihi,
861 910 1098 957 temeritate
1112 910 1238 959 solita
1255 947 1266 968 ‚
1290 909 1524 957 maledicta
1547 925 1623 955 sua
1644 907 1743 954 Cal-

358 981 578 1063 phurnius
602 995 889 1042 cognomento
908 982 1148 1039 Lanaiius,
1170 998 1270 1045 quae
1291 979 1345 1027 ad
1365 979 1554 1027 Africam
1569 994 1743 1043 quoque

359 1053 505 1100 studio
536 1056 627 1114 ejus
663 1052 799 1100 didici
829 1053 1088 1118 pervenisse.
1130 1052 1322 1131 Aquuae
1341 1051 1531 1098 breviter
1553 1067 1601 1096 ex
1621 1059 1744 1113 parte

361 1143 424 1171 ies
431 1124 595 1189 pondi·
587 1162 596 1180 ‚
635 1135 677 1171 et
700 1124 839 1171 libelli
872 1127 968 1185 ejus
1001 1124 1127 1170 vobis
1163 1124 1258 1170 misi
1292 1122 1587 1187 exemplaria,
1614 1121 1743 1167 1ιιίιι5

360 1213 489 1259 opus,
517 1213 617 1242 eum
639 1206 942 1260 opportunum
963 1195 1111 1252 luerit,
1131 1195 1275 1259 primo
1297 1195 1506 1241 missuius
1528 1204 1735 1256 tempme.

362 1268 412 1313 ln
440 1284 530 1330 quo
555 1266 664 1312 illud
684 1267 778 1313 cavi
798 1303 809 1324 ‚
836 1285 887 1312 ne
912 1267 957 1313 in
980 1283 1203 1330 quoquam
1227 1265 1584 1312 existimationem
1606 1263 1743 1309 laede-

361 1355 451 1383 rem
483 1337 778 1383 Christianam
803 1375 814 1394 ,
834 1337 908 1383 sed
940 1348 1109 1384 tantum
1136 1347 1185 1383 ut
1213 1335 1434 1383 delirantis
1464 1333 1742 1398 imperitique

362 1408 636 1454 mendacium
671 1426 718 1454 ae
753 1408 1002 1455 vecordiam
1044 1408 1333 1454 confutarem.
1376 1407 1594 1452 Memento
1618 1404 1702 1450 mei
1726 1440 1737 1461 ,

362 1490 508 1527 sancte
529 1497 577 1526 ae
609 1479 864 1526 venerabilis
900 1497 1030 1544 papa.
1062 1478 1199 1535 Vide,
1227 1488 1441 1543 quantum
1469 1487 1506 1526 te
1533 1475 1709 1536 diligam
1726 1512 1737 1532 ‚

360 1562 408 1597 ut
428 1569 480 1598 ne
499 1562 761 1616 provocatus
784 1551 961 1615 quidem
984 1550 1194 1599 voluerim
1226 1548 1487 1614 respondere
1505 1584 1517 1605 ‚
1541 1563 1621 1593 nee
1642 1564 1741 1593 cre-

356 1623 456 1670 dam
495 1634 617 1669 tuum
656 1641 763 1681 esse,
796 1622 916 1687 quod
950 1623 995 1669 in
1032 1622 1165 1668 altero
1202 1621 1313 1668 forte
1355 1617 1732 1685 reprehenderem.

363 1696 512 1742 Frater
535 1695 791 1742 Communis
815 1694 1073 1761 suppliciter
1101 1704 1141 1742 te
1160 1693 1332 1742 salutat.
1354 1713 1375 1737 »

407 1797 418 1822 1
441 1795 533 1840 virg.
554 1796 588 1828 5.
606 1795 729 1828 AEneid.
