1902 3268
383 329 477 387 354
808 346 842 376 s.
885 344 1129 377 Aucusrrm
1166 345 1371 378 EPISCOPI

383 411 591 477 nicipalia
607 409 864 469 interrogari
886 409 1034 456 faciat:
1065 421 1215 457 utrum
1234 412 1318 458 sibi
1341 412 1444 459 velit
1464 413 1554 462 dies
1585 415 1761 476 triginta

383 482 583 539 concedi,
596 482 759 545 quibus
781 481 972 540 agatsub
992 481 1216 528 moderata
1235 483 1487 530 custodiain
1504 503 1550 531 ea
1565 487 1758 543 civitate,

380 554 426 600 in
444 570 531 616 qua
541 552 740 598 detentus
762 561 838 608 est,
858 560 905 596 ut
921 567 997 597 sua
1010 551 1199 609 ordinet,
1212 565 1499 618 sumptusque
1511 556 1756 619 provideat.

385 623 588 680 Quorum
614 622 784 668 dierum
815 621 955 685 spatio
974 658 986 678 ‚
1013 632 1088 668 tua
1111 623 1239 668 nobis
1259 636 1475 670 annuente
1499 626 1763 674 benevolen-

384 694 462 751 tia,
477 694 510 740 si
530 697 622 754 eJ'us
644 710 820 740 causam
842 692 982 738 amica
1006 691 1324 757 disceptatione
1335 695 1458 741 finire
1471 697 1761 759 potuerimus,

389 764 709 825 gratulabimur
733 782 744 809 ς
782 765 816 810 si
841 774 986 809 autem
1018 780 1106 809 non
1132 765 1406 828 potuerimus
1424 802 1435 822 ‚
1462 767 1650 814 inveniet
1666 785 1765 814 eum

384 836 517 883 exitus
537 835 811 897 J'udiciorum
832 872 842 892 ‚
882 835 958 899 qui
986 835 1203 898 placuerit
1234 837 1325 882 Deo
1347 874 1358 894 ‚
1387 838 1627 884 secundum
1657 856 1767 886 cau-

383 924 440 954 sae
463 908 601 971 ipsius
631 907 832 954 meritum
862 906 929 954 vel
957 907 1135 954 Domini
1167 908 1575 972 omnipotentissimi
1603 909 1766 958 Volun-

387 987 534 1025 tatem.

387 1142 694 1154 *twnsmtvsvsz
703 1142 860 1153 nxttaenx
869 1143 900 1152 ιν,
912 1142 944 1152 ιι
951 1142 1065 1153 ικιιππ
1077 1142 1119 1152 ιν
1136 1142 1378 1154 νικιικνιννεὶ
1391 1143 1511 1155 §xsvss
1519 1145 1699 1157 ιἰἱνι-ιννὶ
1713 1145 1756 1159 ἢ*

835 1249 1101 1294 EPISTOLA
1135 1250 1268 1294 CXIV
1288 1251 1319 1295 ¹.

410 1370 584 1410 Domino
599 1368 856 1409 dilectissimo
875 1368 957 1408 filio
970 1369 1226 1409 FLORENUNO
1246 1371 1493 1410 Aucusrmus
1508 1370 1549 1410 in
1569 1370 1746 1411 Domino

992 1431 1177 1470 salutem.

517 1556 594 1599 Ad
611 1555 927 1598 Florentinum
943 1569 1073 1612 super·
1094 1554 1245 1597 eadem
1261 1569 1392 1597 eausa
1409 1554 1638 1597 Favenzii.

456 1685 602 1732 Cusus
641 1682 867 1747 potestatis
898 1681 1091 1743 jussione
1123 1681 1381 1729 Faventium
1421 1682 1648 1746 rapueris,
1686 1683 1778 1747 ipse

389 1754 548 1804 videris
581 1773 592 1800 :
628 1754 717 1801 hoc
744 1765 888 1800 autem
915 1754 1004 1799 scio
1020 1789 1032 1810 ,
1057 1752 1180 1818 quod
1211 1753 1353 1799 omnis
1377 1764 1568 1817 potestas
1593 1753 1675 1800 sub
1698 1754 1778 1800 im-

393 1826 518 1891 perio
538 1825 793 1881 constituta,
820 1824 1103 1889 Imperatoris
1121 1824 1186 1870 sui
1206 1823 1375 1884 legibus
1399 1824 1541 1872 servit.
1566 1824 1779 1881 Quamvis

395 1915 496 1959 ergo
515 1901 608 1958 jam
628 1914 707 1960 per
729 1896 907 1942 fratrem
928 1906 970 1941 et
987 1895 1394 1959 compresbyterum
1415 1912 1560 1941 meum
1582 1895 1780 1942 Coelesti-

396 1986 502 2015 num
519 1968 703 2014 miserim
724 1967 877 2028 legem,
891 1983 1023 2030 quam
1043 1966 1222 2029 quidem
1237 1976 1277 2011 et
1292 1976 1525 2029 antequam
1544 1966 1775 2024 mitterem,

398 2039 595 2098 ignorare
619 2037 769 2100 utique
790 2054 876 2082 non
900 2037 1095 2092 deberes,
1123 2052 1208 2098 qua
1236 2052 1489 2080 concessum
1510 2046 1572 2081 est
1597 2036 1655 2082 eis
1671 2073 1681 2092 ‚
1702 2037 1781 2100 qui

401 2108 728 2174 praecipiuntur
754 2108 809 2153 ab
846 2107 989 2172 aliqua
1025 2116 1238 2170 potestate
1272 2106 1449 2168 judiciis
1485 2107 1705 2164 exhiberi,
1732 2118 1781 2154 ut

404 2181 457 2226 ad
494 2180 622 2225 Gesta
648 2178 931 2242 municipalia
966 2178 1271 2242 perducantur
1288 2215 1299 2235 ‚
1327 2187 1456 2240 atque
1479 2177 1569 2222 illie
1590 2177 1780 2224 interro-

404 2260 585 2311 gentur,
611 2260 762 2297 utrum
785 2249 921 2297 velint
942 2249 1118 2310 triginta
1140 2247 1229 2294 dies
1246 2248 1292 2294 in
1315 2265 1363 2294 ea
1389 2248 1587 2305 civitate,
1615 2248 1692 2294 ubi
1713 2259 1781 2294 te-

403 2332 560 2368 nentur
577 2359 588 2378 ,
617 2338 740 2382 agere
759 2321 840 2366 sub
865 2320 1087 2367 moderata
1111 2319 1328 2377 custodia,
1356 2318 1411 2364 ad
1449 2318 1669 2382 parandos
1698 2318 1782 2365 sibi

403 2392 573 2438 fructus
595 2428 606 2449 ‚
632 2391 701 2438 vel
727 2387 819 2438 reni
849 2408 970 2438 suam
1001 2409 1011 2436 ι
1039 2390 1152 2437 sicut
1181 2407 1352 2437 necesse
1376 2389 1507 2437 fuerit
1524 2427 1536 2447 ‚
1573 2389 1780 2436 ordinan-

404 2462 535 2518 dam3
562 2479 663 2526 quae
686 2462 770 2518 lex,
795 2463 908 2509 sicut
930 2462 1043 2508 mihi
1072 2472 1337 2509 memoratus
1365 2461 1596 2525 presbyter
1616 2477 1780 2507 renun-

403 2533 543 2590 tiavit,
571 2542 659 2579 tuae
687 2533 884 2593 religioni
912 2534 1090 2580 recitata
1108 2544 1196 2580 est:
1225 2544 1369 2580 tamen
1384 2532 1513 2578 etiam
1542 2549 1662 2578 nunc
1684 2543 1780 2578 eam

449 2635 459 2656 ¹
492 2633 579 2666 Alias
609 2644 761 2665 ccxxvnr.
791 2645 863 2676 quae
895 2642 1001 2667 autem
1034 2641 1095 2672 ΠΙ.
1129 2641 1218 2675 erat,
1258 2644 1341 2666 nunc
1371 2635 1403 2667 5.
1434 2651 1477 2657 —-
1511 2634 1633 2678 Scripta
1667 2633 1782 2667 eodem

398 2697 558 2734 tempore,
578 2695 647 2732 post
666 2689 878 2732 superiorem.
