1902 3268
348 282 403 334 Ji]
766 291 799 319 S.
844 290 1088 320 AUGUSTINI
1126 292 1329 323 EPISCOPI

345 352 473 408 Quod
497 354 539 399 in
567 352 740 399 Psalmo
759 354 900 408 dixin
928 376 946 396 «
967 355 1148 402 Vocavit
1176 368 1329 403 terram
1359 375 1379 403 a
1403 358 1504 404 solis
1527 370 1623 406 ortu
1650 376 1727 406 us-

348 441 466 487 »que
483 423 535 470 ad
552 441 753 469 occasum
770 446 781 478 ;
797 446 815 465 υ
842 425 983 471 hocin
1007 429 1243 487 Evangelio
1267 445 1277 472 :
1306 451 1322 467 ι·
1345 429 1429 474 Per
1454 446 1601 475 omnes
1621 447 1728 489 gen-

344 515 365 535 »
387 505 490 540 tes.»
505 496 560 539 lit
586 494 704 556 quod
726 495 767 539 in
789 495 964 540 Psalmo
985 496 1094 541 duit
1110 534 1120 552 ‚
1143 519 1160 538 (ι
1182 500 1242 543 Ex
1254 499 1358 544 Sion
1383 500 1546 562 species
1560 500 1729 546 decoris

346 587 365 606 »
385 569 475 624 ejus
513 586 532 606 »
573 565 658 610 hoc
687 565 731 610 in
769 566 1003 626 Evangelio
1028 567 1162 622 dixit,
1202 590 1222 610 «
1262 571 1479 633 Incipiens
1500 571 1554 615 ah
1594 571 1728 617 Jeru-

344 635 522 683 »salem
550 657 570 677 ³>

410 708 470 754 ll.
520 706 696 767 Fingitis
731 725 807 754 vos
830 719 928 754 ante
953 719 1125 772 tempus
1161 710 1306 755 messis
1337 709 1484 770 fugere
1516 711 1727 775 permixta

345 777 526 833 zizania,
557 779 659 841 quia
686 795 761 824 vos
780 781 878 825 estis
899 780 986 825 sola
1012 780 1188 827 zizania.
1222 782 1331 826 Nam
1365 782 1397 826 si
1426 781 1642 828 frumenta
1666 801 1728 829 es-

345 849 463 900 setis,
490 850 696 911 permixta
716 851 877 896 zizania
897 850 1133 896 toleraretis
1150 888 1160 902 ,
1185 862 1225 897 et
1251 870 1271 897 a
1290 862 1429 911 segete
1450 851 1614 898 Christi
1639 869 1727 898 non

346 934 422 964 vos
443 918 706 966 divideretis.
749 921 811 966 De
836 921 1007 966 zizaniis
1029 921 1206 984 quidem
1236 921 1404 967 dictum
1426 931 1488 967 est
1512 958 1522 977 ‚
1550 943 1569 963 «
1597 923 1725 978 Quo-

346 1007 366 1029 »
389 988 502 1033 niam
544 989 789 1036 abundabit
823 991 1011 1054 inquitas
1034 1028 1044 1047 ,
1085 991 1328 1052 refrigescet
1351 992 1541 1038 charitas
1562 991 1725 1038 multo-

347 1079 365 1099 »
393 1075 504 1106 rum.
546 1080 565 1101 »
613 1060 696 1106 Sed
720 1061 836 1108 etde
864 1062 1004 1107 tritico
1036 1061 1202 1107 dictum
1236 1073 1323 1117 est,
1357 1084 1377 1103 α
1411 1063 1499 1119 Qui
1524 1079 1726 1126 perseve-

347 1130 541 1175 »raverit
562 1147 697 1194 usque
720 1132 763 1178 in
788 1133 936 1184 finem,
959 1133 1032 1177 hic
1048 1132 1190 1178 salvus
1207 1134 1287 1179 erit
1303 1133 1337 1180 2.
1351 1156 1368 1174 n
1387 1137 1534 1192 Quare
1552 1133 1728 1179 creditis

346 1201 526 1247 crevisse
551 1202 712 1248 zizania
740 1214 782 1249 et
818 1203 1030 1248 mundum
1058 1203 1288 1266 replevisse
1311 1240 1322 1257 ,
1349 1204 1544 1249 triticum
1583 1214 1726 1249 autem

346 1270 583 1319 decrevisse
604 1311 614 1330 ‚
648 1285 689 1319 et
712 1274 756 1320 in
788 1274 877 1320 sola
914 1274 1058 1320 Africa
1095 1275 1328 1321 mansisse?
1355 1275 1628 1320 Christianos
1652 1292 1727 1321 vos

343 1341 487 1388 dicitis
507 1381 516 1399 ‚
567 1355 609 1390 et
649 1345 826 1391 Christo
862 1345 1192 1391 contradicitis:
1235 1347 1333 1408 lpse
1372 1345 1507 1400 dixit,
1552 1345 1726 1391 «Sinite

347 1433 366 1453 υ
392 1424 574 1478 utraque
592 1433 781 1462 crescere
805 1434 939 1481 usque
965 1417 1018 1463 ad
1043 1434 1217 1462 messem
1237 1417 1282 1470 ὃς
1304 1438 1322 1458 »
1343 1433 1429 1462 non
1450 1416 1573 1467 dixit.
1596 1420 1724 1462 Cres·-

347 1495 449 1529 cant
472 1486 651 1542 zizania,
672 1486 925 1533 decrescant
950 1487 1166 1533 frumenta
1187 1524 1197 1543 ‚
1224 1487 1315 1550 ipse
1333 1487 1464 1543 dixit,
1493 1508 1513 1528 «
1534 1488 1644 1547 Ager
1664 1497 1727 1533 est

346 1575 365 1595 >2
384 1555 459 1601 hic
482 1557 699 1610 mundusg
725 1580 744 1599 »
769 1575 857 1603 non
878 1557 984 1603 dixit
1001 1595 1012 1613 ,
1042 1561 1153 1617 Ager
1176 1568 1237 1602 est
1263 1557 1424 1604 Africa.
1462 1557 1559 1621 lpse
1582 1556 1720 1613 dixit,

344 1645 364 1665 «
386 1626 532 1672 Messis
556 1638 618 1673 est
640 1628 738 1674 finis
764 1628 912 1674 saeculi
933 1649 977 1681 ς»
1002 1646 1090 1674 non
1113 1628 1249 1683 dixit,
1289 1627 1435 1673 Messis
1466 1638 1530 1673 est
1554 1638 1725 1691 tempus

344 1698 521 1744 Donati.
550 1700 648 1765 lpse
671 1699 804 1753 dixit,
830 1722 848 1741 «
873 1703 1082 1746 Messores
1105 1699 1255 1760 Angeli
1275 1709 1405 1752 sunt3
1428 1720 1448 1739 >³
1469 1715 1556 1745 non
1582 1698 1721 1756 dixit,

342 1767 547 1815 Messores
570 1771 791 1834 principes
819 1770 1235 1817 Circumcellionum
1260 1780 1374 1816 sunt.
1404 1769 1487 1815 Sed
1514 1770 1617 1833 quia
1642 1786 1723 1833 pro

341 1838 542 1895 zizaniis,
576 1841 770 1887 triticum
797 1842 1054 1896 accusastis,
1097 1858 1171 1887 vos
1207 1857 1295 1886 esse
1319 1840 1480 1885 zizania
1520 1839 1723 1886 demons-

343 1909 515 1964 trastis,
545 1922 588 1956 ct
610 1910 730 1974 quod
757 1921 818 1956 est
849 1912 1022 1971 gravius
1041 1947 1052 1964 ‚
1096 1920 1193 1955 ante
1219 1920 1393 1972 tempus
1427 1925 1501 1954 tos
1525 1926 1547 1953 a
1575 1909 1722 1956 tritico

343 1980 583 2042 separastis.
618 1982 674 2026 Μ
669 1985 805 2041 ijores
828 1982 941 2027 enim
964 1981 1090 2027 vestri
1110 1981 1154 2026 in
1175 1997 1360 2044 (suorum
1381 1979 1589 2040 sacrilega
1609 1997 1723 2043 prae-

341 2050 503 2096 cisione
529 2053 834 2131 [erseveiatis
868 2052 1047 2116 quidam
1075 2052 1216 2098 Gestis
1243 2050 1617 2114 municipalibusss
1642 2069 1722 2098 co-

340 2121 457 2168 dices
483 2134 651 2168 sanctos
669 2135 711 2168 et
730 2124 1017 2170 instrumenta
1044 2123 1247 2169 Ecclesiae
1267 2122 1616 2186 persecutoribus
1633 2133 1720 2169 tra-

343 2192 579 2249 diderunt,
614 2194 794 2257 quidam
827 2213 898 2241 eos
935 2194 1117 2240 fatentes
1142 2193 1402 2239 dimiserunt
1436 2203 1477 2238 et
1506 2192 1564 2238 eis
1595 2210 1721 2238 com-

341 2264 678 2311 municaverunt
698 2302 709 2321 ‚
744 2276 785 2312 et
805 2266 980 2330 utrique
1005 2264 1317 2325 Carthaginem
1350 2263 1511 2309 furiosa
1533 2262 1721 2310 factione

341 2349 639 2385 convenerunt
657 2377 668 2396 ,
698 2339 752 2386 de
772 2339 954 2386 crimine
972 2337 1235 2393 traditionis,
1258 2336 1311 2382 de
1332 2353 1420 2400 quo
1439 2337 1523 2401 ipsi
1544 2338 1656 2383 inter
1678 2355 1720 2384 se

333 2413 425 2469 jam
449 2422 782 2467 consenserant,
812 2410 1032 2457 inauditos
1067 2409 1417 2464 damnaverunt,
1463 2408 1718 2471 episcopum

337 2492 487 2528 contra
513 2482 1120 2548 episcopumordinaverunt,
1147 2480 1280 2527 altare
1301 2489 1453 2526 contra
1478 2478 1612 2525 altare
1630 2497 1719 2527 ere·

388 2582 396 2604 ¹
419 2581 537 2615 Matihi
572 2593 661 2617 xxiv.
689 2595 739 2616 12⁵
767 2602 807 2609 —
837 2582 852 2607 ²
873 2583 920 2617 ld.
943 2595 1005 2617 xm
1022 2607 1029 2616 .
1061 2585 1112 2616 30.
1130 2600 1175 2607 -
1203 2579 1217 2606 ³
1234 2580 1393 2616 Confectis
1420 2580 1504 2626 apud
1529 2579 1716 2614 Munatium

333 2638 466 2670 ranem.
