<?xml version="1.0" encoding="UTF-8"?>
<!DOCTYPE html PUBLIC "-//W3C//DTD XHTML 1.0 Transitional//EN"
    "http://www.w3.org/TR/xhtml1/DTD/xhtml1-transitional.dtd">
<html xmlns="http://www.w3.org/1999/xhtml" xml:lang="en" lang="en">
 <head>
  <title>
</title>
<meta http-equiv="Content-Type" content="text/html;charset=utf-8" />
  <meta name='ocr-system' content='tesseract 3.04.00' />
  <meta name='ocr-capabilities' content='ocr_page ocr_carea ocr_par ocr_line ocrx_word'/>
</head>
<body>
  <div class='ocr_page' id='page_1' title='image "./operaomniaaccura39auguuoft/operaomniaaccura39auguuoft_0287.png"; bbox 0 0 1902 3268; ppageno 0'>
   <div class='ocr_carea' id='block_1_1' title="bbox 131 259 1526 2624">
    <p class='ocr_par' dir='ltr' id='par_1_1' title="bbox 133 259 1525 877">
     <span class='ocr_line' id='line_1_1' title="bbox 655 259 1516 310; baseline -0.003 -19"><span class='ocrx_word' id='word_1_1' title='bbox 655 259 870 291; x_wconf 69' lang='lat' dir='ltr'><strong>Ems‘roLA.</strong></span> <span class='ocrx_word' id='word_1_2' title='bbox 905 261 983 289; x_wconf 79' lang='lat' dir='ltr'><strong>cn.</strong></span> <span class='ocrx_word' id='word_1_3' title='bbox 1425 260 1516 310; x_wconf 75' lang='lat'><strong>277</strong></span> 
     </span>
     <span class='ocr_line' id='line_1_2' title="bbox 141 324 1517 389; baseline -0.001 -17"><span class='ocrx_word' id='word_1_4' title='bbox 141 325 193 372; x_wconf 82' lang='lat' dir='ltr'><strong>ad</strong></span> <span class='ocrx_word' id='word_1_5' title='bbox 225 324 351 371; x_wconf 85' lang='lat' dir='ltr'><strong>fldem</strong></span> <span class='ocrx_word' id='word_1_6' title='bbox 377 341 477 389; x_wconf 84' lang='lat' dir='ltr'><strong>quae</strong></span> <span class='ocrx_word' id='word_1_7' title='bbox 508 328 689 386; x_wconf 82' lang='lat' dir='ltr'><strong>figurate</strong></span> <span class='ocrx_word' id='word_1_8' title='bbox 724 335 889 370; x_wconf 79' lang='lat' dir='ltr'><strong>tantum</strong></span> <span class='ocrx_word' id='word_1_9' title='bbox 927 324 1045 369; x_wconf 79' lang='lat' dir='ltr'><strong>dicta</strong></span> <span class='ocrx_word' id='word_1_10' title='bbox 1066 360 1077 378; x_wconf 94' lang='lat'><strong>,</strong></span> <span class='ocrx_word' id='word_1_11' title='bbox 1121 340 1209 369; x_wconf 91' lang='lat' dir='ltr'><strong>non</strong></span> <span class='ocrx_word' id='word_1_12' title='bbox 1239 324 1351 369; x_wconf 77' lang='lat' dir='ltr'><strong>faeta</strong></span> <span class='ocrx_word' id='word_1_13' title='bbox 1388 336 1517 379; x_wconf 87' lang='lat' dir='ltr'><strong>sunt;</strong></span> 
     </span>
     <span class='ocr_line' id='line_1_3' title="bbox 139 395 1519 459; baseline -0.001 -18"><span class='ocrx_word' id='word_1_14' title='bbox 139 406 305 459; x_wconf 84' lang='lat' dir='ltr'><strong>quanto</strong></span> <span class='ocrx_word' id='word_1_15' title='bbox 327 396 459 455; x_wconf 81' lang='lat' dir='ltr'><strong>magis</strong></span> <span class='ocrx_word' id='word_1_16' title='bbox 481 413 648 441; x_wconf 86' lang='lat' dir='ltr'><strong>movere</strong></span> <span class='ocrx_word' id='word_1_17' title='bbox 680 395 859 449; x_wconf 84' lang='lat' dir='ltr'><strong>dehent,</strong></span> <span class='ocrx_word' id='word_1_18' title='bbox 888 412 988 457; x_wconf 78' lang='lat' dir='ltr'><strong>quae</strong></span> <span class='ocrx_word' id='word_1_19' title='bbox 1014 396 1194 453; x_wconf 76' lang='lat' dir='ltr'><strong>figurate</strong></span> <span class='ocrx_word' id='word_1_20' title='bbox 1223 411 1309 439; x_wconf 79' lang='lat' dir='ltr'><strong>non</strong></span> <span class='ocrx_word' id='word_1_21' title='bbox 1349 405 1519 440; x_wconf 81' lang='lat' dir='ltr'><strong>tantum</strong></span> 
     </span>
     <span class='ocr_line' id='line_1_4' title="bbox 138 463 1519 519; baseline -0.001 -9"><span class='ocrx_word' id='word_1_22' title='bbox 138 465 271 519; x_wconf 82' lang='lat' dir='ltr'><strong>dicta,</strong></span> <span class='ocrx_word' id='word_1_23' title='bbox 291 465 361 510; x_wconf 87' lang='lat' dir='ltr'><strong>sed</strong></span> <span class='ocrx_word' id='word_1_24' title='bbox 384 465 499 510; x_wconf 78' lang='lat' dir='ltr'><strong>facta</strong></span> <span class='ocrx_word' id='word_1_25' title='bbox 513 477 613 510; x_wconf 87' lang='lat' dir='ltr'><strong>sunt</strong></span> <span class='ocrx_word' id='word_1_26' title='bbox 628 468 646 510; x_wconf 68' lang='grc' dir='ltr'><strong>Ξ)</strong></span> <span class='ocrx_word' id='word_1_27' title='bbox 662 466 770 510; x_wconf 79' lang='lat' dir='ltr'><strong>Nam</strong></span> <span class='ocrx_word' id='word_1_28' title='bbox 788 465 899 510; x_wconf 84' lang='lat' dir='ltr'><strong>sicut</strong></span> <span class='ocrx_word' id='word_1_29' title='bbox 916 465 1108 509; x_wconf 77' lang='lat' dir='ltr'><strong>humana</strong></span> <span class='ocrx_word' id='word_1_30' title='bbox 1131 463 1401 509; x_wconf 82' lang='lat' dir='ltr'><strong>consuetudo</strong></span> <span class='ocrx_word' id='word_1_31' title='bbox 1421 481 1519 509; x_wconf 88' lang='lat' dir='ltr'><strong>ver-</strong></span> 
     </span>
     <span class='ocr_line' id='line_1_5' title="bbox 137 534 1525 599; baseline -0.001 -19"><span class='ocrx_word' id='word_1_32' title='bbox 137 534 223 590; x_wconf 83' lang='lat' dir='ltr'><strong>bis,</strong></span> <span class='ocrx_word' id='word_1_33' title='bbox 264 534 320 580; x_wconf 84' lang='lat' dir='ltr'><strong>ita</strong></span> <span class='ocrx_word' id='word_1_34' title='bbox 346 535 495 581; x_wconf 85' lang='lat' dir='ltr'><strong>divina</strong></span> <span class='ocrx_word' id='word_1_35' title='bbox 523 537 719 599; x_wconf 83' lang='lat' dir='ltr'><strong>potentia</strong></span> <span class='ocrx_word' id='word_1_36' title='bbox 740 535 871 580; x_wconf 75' lang='lat' dir='ltr'><strong>etiam</strong></span> <span class='ocrx_word' id='word_1_37' title='bbox 898 534 1025 580; x_wconf 74' lang='lat' dir='ltr'><strong>factis</strong></span> <span class='ocrx_word' id='word_1_38' title='bbox 1063 534 1273 597; x_wconf 83' lang='lat' dir='ltr'><strong>loquitur.</strong></span> <span class='ocrx_word' id='word_1_39' title='bbox 1318 535 1374 579; x_wconf 85' lang='lat' dir='ltr'><strong>Et</strong></span> <span class='ocrx_word' id='word_1_40' title='bbox 1411 534 1525 579; x_wconf 85' lang='lat' dir='ltr'><strong>sicut</strong></span> 
     </span>
     <span class='ocr_line' id='line_1_6' title="bbox 136 604 1520 660; baseline 0 -11"><span class='ocrx_word' id='word_1_41' title='bbox 136 605 322 650; x_wconf 80' lang='lat' dir='ltr'><strong>sermoni</strong></span> <span class='ocrx_word' id='word_1_42' title='bbox 343 604 536 651; x_wconf 77' lang='lat' dir='ltr'><strong>humano</strong></span> <span class='ocrx_word' id='word_1_43' title='bbox 566 606 698 651; x_wconf 82' lang='lat' dir='ltr'><strong>verba</strong></span> <span class='ocrx_word' id='word_1_44' title='bbox 723 622 851 660; x_wconf 81' lang='lat' dir='ltr'><strong>nova,</strong></span> <span class='ocrx_word' id='word_1_45' title='bbox 882 604 947 649; x_wconf 82' lang='lat' dir='ltr'><strong>vel</strong></span> <span class='ocrx_word' id='word_1_46' title='bbox 979 604 1120 649; x_wconf 86' lang='lat' dir='ltr'><strong>minus</strong></span> <span class='ocrx_word' id='word_1_47' title='bbox 1155 605 1327 659; x_wconf 74' lang='lat' dir='ltr'><strong>usitata,</strong></span> <span class='ocrx_word' id='word_1_48' title='bbox 1364 604 1520 649; x_wconf 88' lang='lat' dir='ltr'><strong>mode-</strong></span> 
     </span>
     <span class='ocr_line' id='line_1_7' title="bbox 136 673 1519 739; baseline -0.001 -20"><span class='ocrx_word' id='word_1_49' title='bbox 136 684 227 720; x_wconf 80' lang='lat' dir='ltr'><strong>rate</strong></span> <span class='ocrx_word' id='word_1_50' title='bbox 259 691 308 720; x_wconf 80' lang='lat' dir='ltr'><strong>ac</strong></span> <span class='ocrx_word' id='word_1_51' title='bbox 345 675 546 722; x_wconf 80' lang='lat' dir='ltr'><strong>(lecenter</strong></span> <span class='ocrx_word' id='word_1_52' title='bbox 586 693 781 739; x_wconf 70' lang='lat' dir='ltr'><strong>aspersa,</strong></span> <span class='ocrx_word' id='word_1_53' title='bbox 819 673 1093 737; x_wconf 71' lang='lat' dir='ltr'><strong>splendorem</strong></span> <span class='ocrx_word' id='word_1_54' title='bbox 1129 673 1326 726; x_wconf 81' lang='lat' dir='ltr'><strong>addunt3</strong></span> <span class='ocrx_word' id='word_1_55' title='bbox 1374 674 1433 718; x_wconf 80' lang='lat' dir='ltr'><strong>ita</strong></span> <span class='ocrx_word' id='word_1_56' title='bbox 1477 674 1519 718; x_wconf 92' lang='lat' dir='ltr'><strong>in</strong></span> 
     </span>
     <span class='ocr_line' id='line_1_8' title="bbox 134 743 1521 806; baseline -0.001 -16"><span class='ocrx_word' id='word_1_57' title='bbox 134 744 261 791; x_wconf 81' lang='lat' dir='ltr'><strong>factis</strong></span> <span class='ocrx_word' id='word_1_58' title='bbox 308 745 586 792; x_wconf 80' lang='lat' dir='ltr'><strong>mirabilibus</strong></span> <span class='ocrx_word' id='word_1_59' title='bbox 625 756 913 805; x_wconf 78' lang='lat' dir='ltr'><strong>congruenter</strong></span> <span class='ocrx_word' id='word_1_60' title='bbox 939 743 1107 806; x_wconf 80' lang='lat' dir='ltr'><strong>aliquid</strong></span> <span class='ocrx_word' id='word_1_61' title='bbox 1148 744 1521 803; x_wconf 77' lang='lat' dir='ltr'>significantibus,</span> 
     </span>
     <span class='ocr_line' id='line_1_9' title="bbox 133 813 1290 877; baseline -0.001 -17"><span class='ocrx_word' id='word_1_62' title='bbox 133 814 463 877; x_wconf 83' lang='lat' dir='ltr'><strong>quodammodo</strong></span> <span class='ocrx_word' id='word_1_63' title='bbox 488 815 753 862; x_wconf 81' lang='lat' dir='ltr'><strong>luculentior</strong></span> <span class='ocrx_word' id='word_1_64' title='bbox 772 825 834 859; x_wconf 85' lang='lat' dir='ltr'><strong>est</strong></span> <span class='ocrx_word' id='word_1_65' title='bbox 859 814 1008 859; x_wconf 82' lang='lat' dir='ltr'><strong>divina</strong></span> <span class='ocrx_word' id='word_1_66' title='bbox 1031 813 1290 877; x_wconf 77' lang='lat' dir='ltr'><strong>eloquentia.</strong></span> 
     </span>
    </p>

    <p class='ocr_par' dir='ltr' id='par_1_2' title="bbox 131 883 1526 2350">
     <span class='ocr_line' id='line_1_10' title="bbox 201 883 1521 948; baseline 0.001 -19"><span class='ocrx_word' id='word_1_67' title='bbox 201 885 404 932; x_wconf 84' lang='lat' dir='ltr'>XXXlV.</span> <span class='ocrx_word' id='word_1_68' title='bbox 436 885 626 931; x_wconf 81' lang='lat' dir='ltr'><strong>Proinde</strong></span> <span class='ocrx_word' id='word_1_69' title='bbox 650 885 754 948; x_wconf 88' lang='lat' dir='ltr'><strong>quid</strong></span> <span class='ocrx_word' id='word_1_70' title='bbox 784 883 1151 946; x_wconf 69' lang='lat' dir='ltr'><strong>praeliguraverit,</strong></span> <span class='ocrx_word' id='word_1_71' title='bbox 1179 883 1297 946; x_wconf 87' lang='lat' dir='ltr'><strong>quod</strong></span> <span class='ocrx_word' id='word_1_72' title='bbox 1323 884 1521 948; x_wconf 86' lang='lat' dir='ltr'><strong>Prophe-</strong></span> 
     </span>
     <span class='ocr_line' id='line_1_11' title="bbox 137 953 1526 1009; baseline 0 -9"><span class='ocrx_word' id='word_1_73' title='bbox 137 965 223 1000; x_wconf 85' lang='lat' dir='ltr'><strong>tam</strong></span> <span class='ocrx_word' id='word_1_74' title='bbox 244 955 390 1000; x_wconf 82' lang='lat' dir='ltr'><strong>bellua</strong></span> <span class='ocrx_word' id='word_1_75' title='bbox 408 955 483 1001; x_wconf 84' lang='lat' dir='ltr'><strong>illa</strong></span> <span class='ocrx_word' id='word_1_76' title='bbox 501 955 758 1002; x_wconf 80' lang='lat' dir='ltr'><strong>devoratum</strong></span> <span class='ocrx_word' id='word_1_77' title='bbox 782 954 910 1000; x_wconf 84' lang='lat' dir='ltr'><strong>tertio</strong></span> <span class='ocrx_word' id='word_1_78' title='bbox 937 954 1007 999; x_wconf 78' lang='lat' dir='ltr'><strong>die</strong></span> <span class='ocrx_word' id='word_1_79' title='bbox 1033 953 1180 999; x_wconf 79' lang='lat' dir='ltr'><strong>vivum</strong></span> <span class='ocrx_word' id='word_1_80' title='bbox 1208 954 1417 1009; x_wconf 80' lang='lat' dir='ltr'><strong>reddidit,</strong></span> <span class='ocrx_word' id='word_1_81' title='bbox 1446 972 1526 1000; x_wconf 86' lang='lat' dir='ltr'><strong>cur</strong></span> 
     </span>
     <span class='ocr_line' id='line_1_12' title="bbox 136 1024 1520 1088; baseline 0 -18"><span class='ocrx_word' id='word_1_82' title='bbox 136 1043 158 1070; x_wconf 86' lang='lat' dir='ltr'>a</span> <span class='ocrx_word' id='word_1_83' title='bbox 182 1025 310 1070; x_wconf 89' lang='lat' dir='ltr'><strong>nobis</strong></span> <span class='ocrx_word' id='word_1_84' title='bbox 329 1025 568 1088; x_wconf 84' lang='lat' dir='ltr'><strong>quaeritur,</strong></span> <span class='ocrx_word' id='word_1_85' title='bbox 597 1042 697 1071; x_wconf 89' lang='lat' dir='ltr'><strong>cum</strong></span> <span class='ocrx_word' id='word_1_86' title='bbox 723 1025 809 1070; x_wconf 84' lang='lat' dir='ltr'><strong>hoc</strong></span> <span class='ocrx_word' id='word_1_87' title='bbox 836 1024 1042 1070; x_wconf 86' lang='lat' dir='ltr'><strong>Christus</strong></span> <span class='ocrx_word' id='word_1_88' title='bbox 1075 1028 1290 1088; x_wconf 65' lang='lat' dir='ltr'><strong>exponat?</strong></span> <span class='ocrx_word' id='word_1_89' title='bbox 1324 1046 1343 1066; x_wconf 87' lang='lat'>«</span> <span class='ocrx_word' id='word_1_90' title='bbox 1374 1026 1520 1070; x_wconf 87' lang='lat' dir='ltr'><strong>Gene-</strong></span> 
     </span>
     <span class='ocr_line' id='line_1_13' title="bbox 136 1093 1525 1158; baseline 0.001 -22"><span class='ocrx_word' id='word_1_91' title='bbox 136 1115 156 1136; x_wconf 74' lang='lat' dir='ltr'><strong>n</strong></span> <span class='ocrx_word' id='word_1_92' title='bbox 179 1094 309 1151; x_wconf 74' lang='lat' dir='ltr'><strong>ratio,</strong></span> <span class='ocrx_word' id='word_1_93' title='bbox 334 1095 479 1158; x_wconf 85' lang='lat' dir='ltr'><strong>inquit</strong></span> <span class='ocrx_word' id='word_1_94' title='bbox 496 1132 506 1150; x_wconf 96' lang='lat'><strong>,</strong></span> <span class='ocrx_word' id='word_1_95' title='bbox 534 1112 669 1158; x_wconf 80' lang='lat' dir='ltr'><strong>prava</strong></span> <span class='ocrx_word' id='word_1_96' title='bbox 691 1105 732 1139; x_wconf 90' lang='lat' dir='ltr'><strong>et</strong></span> <span class='ocrx_word' id='word_1_97' title='bbox 754 1093 951 1140; x_wconf 74' lang='lat' dir='ltr'><strong>adultera</strong></span> <span class='ocrx_word' id='word_1_98' title='bbox 976 1094 1148 1154; x_wconf 84' lang='lat' dir='ltr'><strong>signum</strong></span> <span class='ocrx_word' id='word_1_99' title='bbox 1171 1095 1348 1157; x_wconf 74' lang='lat' dir='ltr'><strong>quaerit,</strong></span> <span class='ocrx_word' id='word_1_100' title='bbox 1377 1105 1419 1140; x_wconf 86' lang='lat' dir='ltr'><strong>et</strong></span> <span class='ocrx_word' id='word_1_101' title='bbox 1436 1095 1525 1155; x_wconf 82' lang='lat' dir='ltr'><strong>sig-</strong></span> 
     </span>
     <span class='ocr_line' id='line_1_14' title="bbox 136 1165 1521 1229; baseline 0 -19"><span class='ocrx_word' id='word_1_102' title='bbox 136 1181 282 1210; x_wconf 84' lang='lat' dir='ltr'><strong>»num</strong></span> <span class='ocrx_word' id='word_1_103' title='bbox 316 1182 405 1212; x_wconf 90' lang='lat' dir='ltr'><strong>non</strong></span> <span class='ocrx_word' id='word_1_104' title='bbox 450 1165 631 1211; x_wconf 83' lang='lat' dir='ltr'><strong>dabitur</strong></span> <span class='ocrx_word' id='word_1_105' title='bbox 657 1166 729 1222; x_wconf 85' lang='lat' dir='ltr'><strong>ei,</strong></span> <span class='ocrx_word' id='word_1_106' title='bbox 770 1165 852 1210; x_wconf 86' lang='lat' dir='ltr'><strong>nisi</strong></span> <span class='ocrx_word' id='word_1_107' title='bbox 889 1165 1059 1224; x_wconf 81' lang='lat' dir='ltr'><strong>signum</strong></span> <span class='ocrx_word' id='word_1_108' title='bbox 1095 1170 1217 1211; x_wconf 77' lang='lat' dir='ltr'><strong>Jonae</strong></span> <span class='ocrx_word' id='word_1_109' title='bbox 1247 1165 1481 1229; x_wconf 64' lang='lat' dir='ltr'><strong>prophetae</strong></span> <span class='ocrx_word' id='word_1_110' title='bbox 1511 1184 1521 1210; x_wconf 77' lang='grc' dir='ltr'>ε</span> 
     </span>
     <span class='ocr_line' id='line_1_15' title="bbox 135 1235 1526 1282; baseline 0 -1"><span class='ocrx_word' id='word_1_111' title='bbox 135 1235 289 1282; x_wconf 84' lang='lat' dir='ltr'><strong>»sicut</strong></span> <span class='ocrx_word' id='word_1_112' title='bbox 326 1236 442 1281; x_wconf 89' lang='lat' dir='ltr'><strong>enim</strong></span> <span class='ocrx_word' id='word_1_113' title='bbox 473 1240 604 1282; x_wconf 79' lang='lat' dir='ltr'><strong>Jonas</strong></span> <span class='ocrx_word' id='word_1_114' title='bbox 627 1235 709 1281; x_wconf 89' lang='lat' dir='ltr'><strong>fuit</strong></span> <span class='ocrx_word' id='word_1_115' title='bbox 740 1235 784 1281; x_wconf 90' lang='lat' dir='ltr'><strong>in</strong></span> <span class='ocrx_word' id='word_1_116' title='bbox 812 1246 961 1281; x_wconf 87' lang='lat' dir='ltr'><strong>ventre</strong></span> <span class='ocrx_word' id='word_1_117' title='bbox 1001 1235 1085 1280; x_wconf 89' lang='lat' dir='ltr'><strong>ceti</strong></span> <span class='ocrx_word' id='word_1_118' title='bbox 1123 1235 1263 1281; x_wconf 82' lang='lat' dir='ltr'><strong>tribus</strong></span> <span class='ocrx_word' id='word_1_119' title='bbox 1293 1235 1447 1281; x_wconf 84' lang='lat' dir='ltr'><strong>diebus</strong></span> <span class='ocrx_word' id='word_1_120' title='bbox 1485 1246 1526 1281; x_wconf 87' lang='lat' dir='ltr'><strong>et</strong></span> 
     </span>
     <span class='ocr_line' id='line_1_16' title="bbox 135 1305 1523 1358; baseline 0.003 -11"><span class='ocrx_word' id='word_1_121' title='bbox 135 1327 156 1347; x_wconf 89' lang='lat'>»</span> <span class='ocrx_word' id='word_1_122' title='bbox 210 1305 350 1350; x_wconf 90' lang='lat' dir='ltr'><strong>tribus</strong></span> <span class='ocrx_word' id='word_1_123' title='bbox 397 1306 627 1358; x_wconf 83' lang='lat' dir='ltr'><strong>noctibus3</strong></span> <span class='ocrx_word' id='word_1_124' title='bbox 670 1306 730 1351; x_wconf 87' lang='lat' dir='ltr'><strong>sie</strong></span> <span class='ocrx_word' id='word_1_125' title='bbox 780 1305 861 1350; x_wconf 88' lang='lat' dir='ltr'><strong>erit</strong></span> <span class='ocrx_word' id='word_1_126' title='bbox 900 1305 1030 1350; x_wconf 81' lang='lat' dir='ltr'><strong>Filius</strong></span> <span class='ocrx_word' id='word_1_127' title='bbox 1065 1305 1256 1350; x_wconf 83' lang='lat' dir='ltr'><strong>hominis</strong></span> <span class='ocrx_word' id='word_1_128' title='bbox 1305 1305 1349 1350; x_wconf 91' lang='lat' dir='ltr'><strong>in</strong></span> <span class='ocrx_word' id='word_1_129' title='bbox 1392 1305 1523 1351; x_wconf 87' lang='lat' dir='ltr'><strong>corde</strong></span> 
     </span>
     <span class='ocr_line' id='line_1_17' title="bbox 136 1374 1524 1438; baseline 0.001 -18"><span class='ocrx_word' id='word_1_130' title='bbox 136 1397 155 1416; x_wconf 71' lang='grc' dir='ltr'>υ</span> <span class='ocrx_word' id='word_1_131' title='bbox 186 1386 308 1421; x_wconf 84' lang='lat' dir='ltr'><strong>terrae</strong></span> <span class='ocrx_word' id='word_1_132' title='bbox 330 1375 469 1421; x_wconf 86' lang='lat' dir='ltr'><strong>tribus</strong></span> <span class='ocrx_word' id='word_1_133' title='bbox 492 1376 647 1421; x_wconf 76' lang='lat' dir='ltr'><strong>diebus</strong></span> <span class='ocrx_word' id='word_1_134' title='bbox 665 1386 706 1420; x_wconf 88' lang='lat' dir='ltr'><strong>et</strong></span> <span class='ocrx_word' id='word_1_135' title='bbox 731 1376 869 1420; x_wconf 81' lang='lat' dir='ltr'><strong>tribus</strong></span> <span class='ocrx_word' id='word_1_136' title='bbox 908 1375 1113 1420; x_wconf 77' lang='lat' dir='ltr'><strong>noctibus</strong></span> <span class='ocrx_word' id='word_1_137' title='bbox 1132 1374 1164 1421; x_wconf 77' lang='lat'><strong>¹.</strong></span> <span class='ocrx_word' id='word_1_138' title='bbox 1195 1399 1212 1416; x_wconf 70' lang='grc' dir='ltr'><strong>υ</strong></span> <span class='ocrx_word' id='word_1_139' title='bbox 1240 1376 1302 1419; x_wconf 93' lang='lat' dir='ltr'><strong>De</strong></span> <span class='ocrx_word' id='word_1_140' title='bbox 1322 1375 1415 1438; x_wconf 80' lang='lat' dir='ltr'><strong>ipso</strong></span> <span class='ocrx_word' id='word_1_141' title='bbox 1441 1393 1524 1421; x_wconf 82' lang='lat' dir='ltr'><strong>au-</strong></span> 
     </span>
     <span class='ocr_line' id='line_1_18' title="bbox 134 1445 1523 1509; baseline 0 -18"><span class='ocrx_word' id='word_1_142' title='bbox 134 1456 221 1491; x_wconf 88' lang='lat' dir='ltr'><strong>tem</strong></span> <span class='ocrx_word' id='word_1_143' title='bbox 243 1445 388 1491; x_wconf 82' lang='lat' dir='ltr'><strong>triduo</strong></span> <span class='ocrx_word' id='word_1_144' title='bbox 414 1446 566 1491; x_wconf 89' lang='lat' dir='ltr'><strong>mortis</strong></span> <span class='ocrx_word' id='word_1_145' title='bbox 588 1446 768 1492; x_wconf 87' lang='lat' dir='ltr'><strong>Domini</strong></span> <span class='ocrx_word' id='word_1_146' title='bbox 789 1445 974 1500; x_wconf 78' lang='lat' dir='ltr'><strong>Christi,</strong></span> <span class='ocrx_word' id='word_1_147' title='bbox 992 1445 1215 1509; x_wconf 87' lang='lat' dir='ltr'><strong>quomodo</strong></span> <span class='ocrx_word' id='word_1_148' title='bbox 1234 1446 1343 1491; x_wconf 82' lang='lat' dir='ltr'><strong>ratio</strong></span> <span class='ocrx_word' id='word_1_149' title='bbox 1369 1446 1523 1491; x_wconf 80' lang='lat' dir='ltr'><strong>redda-</strong></span> 
     </span>
     <span class='ocr_line' id='line_1_19' title="bbox 134 1515 1517 1579; baseline 0.001 -19"><span class='ocrx_word' id='word_1_150' title='bbox 134 1526 231 1570; x_wconf 85' lang='lat' dir='ltr'><strong>tur,</strong></span> <span class='ocrx_word' id='word_1_151' title='bbox 263 1532 364 1561; x_wconf 84' lang='lat' dir='ltr'><strong>cuin</strong></span> <span class='ocrx_word' id='word_1_152' title='bbox 394 1532 417 1560; x_wconf 86' lang='lat' dir='ltr'>a</span> <span class='ocrx_word' id='word_1_153' title='bbox 442 1526 567 1579; x_wconf 83' lang='lat' dir='ltr'><strong>parte</strong></span> <span class='ocrx_word' id='word_1_154' title='bbox 604 1527 744 1562; x_wconf 88' lang='lat' dir='ltr'><strong>totum</strong></span> <span class='ocrx_word' id='word_1_155' title='bbox 788 1515 1071 1575; x_wconf 82' lang='lat' dir='ltr'><strong>intelligitur3</strong></span> <span class='ocrx_word' id='word_1_156' title='bbox 1109 1515 1153 1560; x_wconf 84' lang='lat' dir='ltr'><strong>in</strong></span> <span class='ocrx_word' id='word_1_157' title='bbox 1191 1515 1260 1561; x_wconf 85' lang='lat' dir='ltr'><strong>die</strong></span> <span class='ocrx_word' id='word_1_158' title='bbox 1302 1516 1445 1579; x_wconf 87' lang='lat' dir='ltr'><strong>primo</strong></span> <span class='ocrx_word' id='word_1_159' title='bbox 1475 1527 1517 1562; x_wconf 88' lang='lat' dir='ltr'><strong>et</strong></span> 
     </span>
     <span class='ocr_line' id='line_1_20' title="bbox 134 1585 1520 1642; baseline -0.001 -10"><span class='ocrx_word' id='word_1_160' title='bbox 134 1585 383 1640; x_wconf 87' lang='lat' dir='ltr'><strong>novissimo,</strong></span> <span class='ocrx_word' id='word_1_161' title='bbox 409 1596 458 1632; x_wconf 92' lang='lat' dir='ltr'><strong>ut</strong></span> <span class='ocrx_word' id='word_1_162' title='bbox 471 1586 551 1632; x_wconf 90' lang='lat' dir='ltr'><strong>toti</strong></span> <span class='ocrx_word' id='word_1_163' title='bbox 571 1597 655 1632; x_wconf 87' lang='lat' dir='ltr'><strong>tres</strong></span> <span class='ocrx_word' id='word_1_164' title='bbox 675 1587 784 1642; x_wconf 85' lang='lat' dir='ltr'><strong>dies,</strong></span> <span class='ocrx_word' id='word_1_165' title='bbox 802 1586 939 1642; x_wconf 87' lang='lat' dir='ltr'><strong>idest,</strong></span> <span class='ocrx_word' id='word_1_166' title='bbox 956 1603 1054 1631; x_wconf 88' lang='lat' dir='ltr'><strong>cum</strong></span> <span class='ocrx_word' id='word_1_167' title='bbox 1071 1586 1156 1632; x_wconf 87' lang='lat' dir='ltr'><strong>suis</strong></span> <span class='ocrx_word' id='word_1_168' title='bbox 1170 1587 1374 1632; x_wconf 82' lang='lat' dir='ltr'><strong>noctibus</strong></span> <span class='ocrx_word' id='word_1_169' title='bbox 1395 1603 1520 1632; x_wconf 76' lang='lat' dir='ltr'><strong>com—</strong></span> 
     </span>
     <span class='ocr_line' id='line_1_21' title="bbox 133 1655 1514 1719; baseline 0.001 -19"><span class='ocrx_word' id='word_1_170' title='bbox 133 1665 362 1719; x_wconf 88' lang='lat' dir='ltr'><strong>putentur,</strong></span> <span class='ocrx_word' id='word_1_171' title='bbox 385 1655 565 1715; x_wconf 86' lang='lat' dir='ltr'><strong>longum</strong></span> <span class='ocrx_word' id='word_1_172' title='bbox 581 1666 642 1702; x_wconf 86' lang='lat' dir='ltr'><strong>est</strong></span> <span class='ocrx_word' id='word_1_173' title='bbox 656 1655 878 1711; x_wconf 77' lang='lat' dir='ltr'><strong>disserere,</strong></span> <span class='ocrx_word' id='word_1_174' title='bbox 904 1666 946 1701; x_wconf 88' lang='lat' dir='ltr'><strong>et</strong></span> <span class='ocrx_word' id='word_1_175' title='bbox 965 1656 1009 1701; x_wconf 91' lang='lat' dir='ltr'><strong>in</strong></span> <span class='ocrx_word' id='word_1_176' title='bbox 1030 1656 1122 1701; x_wconf 82' lang='lat' dir='ltr'><strong>aliis</strong></span> <span class='ocrx_word' id='word_1_177' title='bbox 1140 1656 1514 1715; x_wconf 82' lang='lat' dir='ltr'><strong>sermonibusjam</strong></span> 
     </span>
     <span class='ocr_line' id='line_1_22' title="bbox 133 1723 1516 1789; baseline 0 -18"><span class='ocrx_word' id='word_1_178' title='bbox 133 1724 366 1789; x_wconf 87' lang='lat' dir='ltr'><strong>saepissime</strong></span> <span class='ocrx_word' id='word_1_179' title='bbox 383 1723 553 1770; x_wconf 83' lang='lat' dir='ltr'><strong>dictum</strong></span> <span class='ocrx_word' id='word_1_180' title='bbox 575 1736 649 1773; x_wconf 84' lang='lat' dir='ltr'><strong>est.</strong></span> <span class='ocrx_word' id='word_1_181' title='bbox 686 1726 810 1772; x_wconf 87' lang='lat' dir='ltr'><strong>Sicut</strong></span> <span class='ocrx_word' id='word_1_182' title='bbox 832 1742 932 1785; x_wconf 85' lang='lat' dir='ltr'><strong>ergo</strong></span> <span class='ocrx_word' id='word_1_183' title='bbox 963 1725 1095 1771; x_wconf 82' lang='lat' dir='ltr'><strong>Jonas</strong></span> <span class='ocrx_word' id='word_1_184' title='bbox 1118 1742 1164 1770; x_wconf 89' lang='lat' dir='ltr'><strong>ex</strong></span> <span class='ocrx_word' id='word_1_185' title='bbox 1184 1725 1284 1771; x_wconf 83' lang='lat' dir='ltr'><strong>navi</strong></span> <span class='ocrx_word' id='word_1_186' title='bbox 1303 1725 1345 1770; x_wconf 87' lang='lat' dir='ltr'><strong>in</strong></span> <span class='ocrx_word' id='word_1_187' title='bbox 1369 1724 1516 1771; x_wconf 81' lang='lat' dir='ltr'><strong>alvum</strong></span> 
     </span>
     <span class='ocr_line' id='line_1_23' title="bbox 133 1794 1522 1858; baseline -0.001 -16"><span class='ocrx_word' id='word_1_188' title='bbox 133 1795 236 1850; x_wconf 85' lang='lat' dir='ltr'><strong>ceti,</strong></span> <span class='ocrx_word' id='word_1_189' title='bbox 270 1795 332 1840; x_wconf 85' lang='lat' dir='ltr'><strong>ita</strong></span> <span class='ocrx_word' id='word_1_190' title='bbox 359 1794 560 1841; x_wconf 86' lang='lat' dir='ltr'><strong>Christus</strong></span> <span class='ocrx_word' id='word_1_191' title='bbox 583 1813 631 1842; x_wconf 86' lang='lat' dir='ltr'><strong>ex</strong></span> <span class='ocrx_word' id='word_1_192' title='bbox 657 1795 775 1856; x_wconf 81' lang='lat' dir='ltr'><strong>ligno</strong></span> <span class='ocrx_word' id='word_1_193' title='bbox 807 1796 852 1842; x_wconf 89' lang='lat' dir='ltr'><strong>in</strong></span> <span class='ocrx_word' id='word_1_194' title='bbox 889 1795 1140 1858; x_wconf 84' lang='lat' dir='ltr'><strong>sepulcrum</strong></span> <span class='ocrx_word' id='word_1_195' title='bbox 1182 1795 1248 1841; x_wconf 87' lang='lat' dir='ltr'><strong>vel</strong></span> <span class='ocrx_word' id='word_1_196' title='bbox 1282 1796 1326 1841; x_wconf 89' lang='lat' dir='ltr'><strong>in</strong></span> <span class='ocrx_word' id='word_1_197' title='bbox 1370 1796 1522 1841; x_wconf 87' lang='lat' dir='ltr'><strong>mortis</strong></span> 
     </span>
     <span class='ocr_line' id='line_1_24' title="bbox 132 1863 1519 1930; baseline 0 -20"><span class='ocrx_word' id='word_1_198' title='bbox 132 1863 419 1928; x_wconf 85' lang='lat' dir='ltr'><strong>profundum.</strong></span> <span class='ocrx_word' id='word_1_199' title='bbox 441 1866 497 1910; x_wconf 90' lang='lat' dir='ltr'><strong>Et</strong></span> <span class='ocrx_word' id='word_1_200' title='bbox 512 1865 625 1912; x_wconf 86' lang='lat' dir='ltr'><strong>sicut</strong></span> <span class='ocrx_word' id='word_1_201' title='bbox 643 1866 713 1912; x_wconf 91' lang='lat' dir='ltr'><strong>ille</strong></span> <span class='ocrx_word' id='word_1_202' title='bbox 735 1884 816 1930; x_wconf 84' lang='lat' dir='ltr'><strong>pro</strong></span> <span class='ocrx_word' id='word_1_203' title='bbox 837 1866 903 1911; x_wconf 85' lang='lat' dir='ltr'><strong>his</strong></span> <span class='ocrx_word' id='word_1_204' title='bbox 923 1866 998 1928; x_wconf 88' lang='lat' dir='ltr'><strong>qui</strong></span> <span class='ocrx_word' id='word_1_205' title='bbox 1025 1876 1277 1928; x_wconf 82' lang='lat' dir='ltr'><strong>tempestate</strong></span> <span class='ocrx_word' id='word_1_206' title='bbox 1299 1865 1519 1928; x_wconf 79' lang='lat' dir='ltr'><strong>periclita-</strong></span> 
     </span>
     <span class='ocr_line' id='line_1_25' title="bbox 132 1934 1514 1999; baseline 0.001 -20"><span class='ocrx_word' id='word_1_207' title='bbox 132 1935 315 1990; x_wconf 78' lang='lat' dir='ltr'><strong>bantur,</strong></span> <span class='ocrx_word' id='word_1_208' title='bbox 343 1934 402 1980; x_wconf 82' lang='lat' dir='ltr'><strong>ita</strong></span> <span class='ocrx_word' id='word_1_209' title='bbox 425 1934 626 1980; x_wconf 87' lang='lat' dir='ltr'><strong>Christus</strong></span> <span class='ocrx_word' id='word_1_210' title='bbox 645 1952 725 1999; x_wconf 87' lang='lat' dir='ltr'><strong>pro</strong></span> <span class='ocrx_word' id='word_1_211' title='bbox 752 1936 822 1981; x_wconf 79' lang='lat' dir='ltr'><strong>his</strong></span> <span class='ocrx_word' id='word_1_212' title='bbox 836 1936 912 1999; x_wconf 89' lang='lat' dir='ltr'><strong>qui</strong></span> <span class='ocrx_word' id='word_1_213' title='bbox 928 1935 973 1981; x_wconf 88' lang='lat' dir='ltr'><strong>in</strong></span> <span class='ocrx_word' id='word_1_214' title='bbox 990 1935 1076 1981; x_wconf 89' lang='lat' dir='ltr'><strong>hoc</strong></span> <span class='ocrx_word' id='word_1_215' title='bbox 1097 1935 1258 1981; x_wconf 84' lang='lat' dir='ltr'><strong>saeculo</strong></span> <span class='ocrx_word' id='word_1_216' title='bbox 1282 1936 1514 1983; x_wconf 82' lang='lat' dir='ltr'><strong>fluctuant.</strong></span> 
     </span>
     <span class='ocr_line' id='line_1_26' title="bbox 134 2004 1521 2069; baseline 0.001 -19"><span class='ocrx_word' id='word_1_217' title='bbox 134 2006 191 2050; x_wconf 81' lang='lat' dir='ltr'><strong>Et</strong></span> <span class='ocrx_word' id='word_1_218' title='bbox 211 2004 324 2052; x_wconf 87' lang='lat' dir='ltr'><strong>sicut</strong></span> <span class='ocrx_word' id='word_1_219' title='bbox 356 2005 500 2068; x_wconf 85' lang='lat' dir='ltr'><strong>primo</strong></span> <span class='ocrx_word' id='word_1_220' title='bbox 528 2009 700 2066; x_wconf 86' lang='lat' dir='ltr'><strong>jussum</strong></span> <span class='ocrx_word' id='word_1_221' title='bbox 732 2017 813 2061; x_wconf 86' lang='lat' dir='ltr'><strong>est,</strong></span> <span class='ocrx_word' id='word_1_222' title='bbox 858 2016 905 2051; x_wconf 89' lang='lat' dir='ltr'><strong>ut</strong></span> <span class='ocrx_word' id='word_1_223' title='bbox 932 2005 1249 2069; x_wconf 73' lang='lat' dir='ltr'><strong>praedicaretur</strong></span> <span class='ocrx_word' id='word_1_224' title='bbox 1282 2006 1521 2052; x_wconf 82' lang='lat' dir='ltr'><strong>Ninivitisa</strong></span> 
     </span>
     <span class='ocr_line' id='line_1_27' title="bbox 131 2074 1518 2140; baseline 0.001 -20"><span class='ocrx_word' id='word_1_225' title='bbox 131 2074 262 2130; x_wconf 82' lang='lat' dir='ltr'><strong>Jona,</strong></span> <span class='ocrx_word' id='word_1_226' title='bbox 288 2075 362 2121; x_wconf 88' lang='lat' dir='ltr'><strong>sed</strong></span> <span class='ocrx_word' id='word_1_227' title='bbox 408 2093 494 2122; x_wconf 87' lang='lat' dir='ltr'><strong>non</strong></span> <span class='ocrx_word' id='word_1_228' title='bbox 519 2076 573 2121; x_wconf 84' lang='lat' dir='ltr'><strong>ad</strong></span> <span class='ocrx_word' id='word_1_229' title='bbox 610 2093 680 2122; x_wconf 82' lang='lat' dir='ltr'><strong>eos</strong></span> <span class='ocrx_word' id='word_1_230' title='bbox 709 2076 917 2140; x_wconf 74' lang='lat' dir='ltr'><strong>¹pervenit</strong></span> <span class='ocrx_word' id='word_1_231' title='bbox 953 2076 1211 2140; x_wconf 80' lang='lat' dir='ltr'><strong>praedicatio</strong></span> <span class='ocrx_word' id='word_1_232' title='bbox 1237 2076 1362 2122; x_wconf 79' lang='lat' dir='ltr'><strong>Jonae</strong></span> <span class='ocrx_word' id='word_1_233' title='bbox 1381 2113 1391 2132; x_wconf 92' lang='lat'><strong>,</strong></span> <span class='ocrx_word' id='word_1_234' title='bbox 1437 2076 1518 2122; x_wconf 89' lang='lat' dir='ltr'><strong>nisi</strong></span> 
     </span>
     <span class='ocr_line' id='line_1_28' title="bbox 133 2147 1516 2210; baseline 0.001 -20"><span class='ocrx_word' id='word_1_235' title='bbox 133 2155 417 2210; x_wconf 76' lang='lat' dir='ltr'><strong>posteaquam</strong></span> <span class='ocrx_word' id='word_1_236' title='bbox 446 2163 544 2191; x_wconf 90' lang='lat' dir='ltr'><strong>eum</strong></span> <span class='ocrx_word' id='word_1_237' title='bbox 567 2158 686 2193; x_wconf 86' lang='lat' dir='ltr'><strong>cetus</strong></span> <span class='ocrx_word' id='word_1_238' title='bbox 708 2148 900 2193; x_wconf 85' lang='lat' dir='ltr'><strong>evomuit</strong></span> <span class='ocrx_word' id='word_1_239' title='bbox 922 2164 933 2191; x_wconf 89' lang='lat'>:</span> <span class='ocrx_word' id='word_1_240' title='bbox 954 2149 1012 2192; x_wconf 79' lang='lat' dir='ltr'><strong>ita</strong></span> <span class='ocrx_word' id='word_1_241' title='bbox 1037 2147 1272 2210; x_wconf 85' lang='lat' dir='ltr'><strong>prophetia</strong></span> <span class='ocrx_word' id='word_1_242' title='bbox 1292 2147 1516 2210; x_wconf 72' lang='lat' dir='ltr'><strong>praemissa</strong></span> 
     </span>
     <span class='ocr_line' id='line_1_29' title="bbox 132 2215 1524 2281; baseline 0.001 -20"><span class='ocrx_word' id='word_1_243' title='bbox 132 2226 194 2261; x_wconf 90' lang='lat' dir='ltr'><strong>est</strong></span> <span class='ocrx_word' id='word_1_244' title='bbox 217 2215 272 2261; x_wconf 77' lang='lat' dir='ltr'><strong>acl</strong></span> <span class='ocrx_word' id='word_1_245' title='bbox 296 2226 440 2277; x_wconf 82' lang='lat' dir='ltr'><strong>gentes</strong></span> <span class='ocrx_word' id='word_1_246' title='bbox 457 2253 468 2272; x_wconf 83' lang='lat'><strong>,</strong></span> <span class='ocrx_word' id='word_1_247' title='bbox 496 2216 568 2261; x_wconf 86' lang='lat' dir='ltr'><strong>sed</strong></span> <span class='ocrx_word' id='word_1_248' title='bbox 591 2217 668 2264; x_wconf 90' lang='lat' dir='ltr'><strong>nisi</strong></span> <span class='ocrx_word' id='word_1_249' title='bbox 694 2228 794 2281; x_wconf 87' lang='lat' dir='ltr'><strong>post</strong></span> <span class='ocrx_word' id='word_1_250' title='bbox 838 2219 1193 2264; x_wconf 82' lang='lat' dir='ltr'><strong>resurrectionem</strong></span> <span class='ocrx_word' id='word_1_251' title='bbox 1225 2217 1389 2264; x_wconf 84' lang='lat' dir='ltr'><strong>Christi</strong></span> <span class='ocrx_word' id='word_1_252' title='bbox 1433 2233 1524 2263; x_wconf 85' lang='lat' dir='ltr'><strong>non</strong></span> 
     </span>
     <span class='ocr_line' id='line_1_30' title="bbox 132 2286 582 2350; baseline 0.009 -19"><span class='ocrx_word' id='word_1_253' title='bbox 132 2286 399 2350; x_wconf 83' lang='lat' dir='ltr'><strong>pervenitad</strong></span> <span class='ocrx_word' id='word_1_254' title='bbox 424 2296 582 2347; x_wconf 85' lang='lat' dir='ltr'><strong>genteS.</strong></span> 
     </span>
    </p>

    <p class='ocr_par' dir='ltr' id='par_1_3' title="bbox 131 2356 1519 2564">
     <span class='ocr_line' id='line_1_31' title="bbox 197 2356 1519 2422; baseline -0.002 -19"><span class='ocrx_word' id='word_1_255' title='bbox 197 2356 377 2404; x_wconf 84' lang='lat' dir='ltr'>XXXV.</span> <span class='ocrx_word' id='word_1_256' title='bbox 409 2357 613 2403; x_wconf 79' lang='lat' dir='ltr'><strong>Jamvero</strong></span> <span class='ocrx_word' id='word_1_257' title='bbox 640 2357 760 2422; x_wconf 87' lang='lat' dir='ltr'><strong>quod</strong></span> <span class='ocrx_word' id='word_1_258' title='bbox 797 2356 1130 2404; x_wconf 83' lang='lat' dir='ltr'><strong>tabernaculum</strong></span> <span class='ocrx_word' id='word_1_259' title='bbox 1152 2357 1234 2404; x_wconf 85' lang='lat' dir='ltr'><strong>sibi</strong></span> <span class='ocrx_word' id='word_1_260' title='bbox 1268 2356 1519 2410; x_wconf 87' lang='lat' dir='ltr'><strong>constituit,</strong></span> 
     </span>
     <span class='ocr_line' id='line_1_32' title="bbox 132 2428 1511 2494; baseline -0.001 -20"><span class='ocrx_word' id='word_1_261' title='bbox 132 2439 175 2474; x_wconf 86' lang='lat' dir='ltr'><strong>et</strong></span> <span class='ocrx_word' id='word_1_262' title='bbox 193 2428 387 2476; x_wconf 87' lang='lat' dir='ltr'><strong>consedit</strong></span> <span class='ocrx_word' id='word_1_263' title='bbox 417 2445 464 2475; x_wconf 83' lang='lat' dir='ltr'><strong>ex</strong></span> <span class='ocrx_word' id='word_1_264' title='bbox 489 2428 667 2476; x_wconf 78' lang='lat' dir='ltr'><strong>adverso</strong></span> <span class='ocrx_word' id='word_1_265' title='bbox 709 2428 896 2475; x_wconf 82' lang='lat' dir='ltr'><strong>civitatis</strong></span> <span class='ocrx_word' id='word_1_266' title='bbox 923 2429 1098 2485; x_wconf 85' lang='lat' dir='ltr'><strong>Ninive,</strong></span> <span class='ocrx_word' id='word_1_267' title='bbox 1129 2429 1237 2494; x_wconf 88' lang='lat' dir='ltr'><strong>quid</strong></span> <span class='ocrx_word' id='word_1_268' title='bbox 1255 2429 1293 2476; x_wconf 87' lang='lat' dir='ltr'><strong>ei</strong></span> <span class='ocrx_word' id='word_1_269' title='bbox 1316 2428 1511 2475; x_wconf 88' lang='lat' dir='ltr'><strong>futurum</strong></span> 
     </span>
     <span class='ocr_line' id='line_1_33' title="bbox 131 2499 1519 2564; baseline -0.004 -16"><span class='ocrx_word' id='word_1_270' title='bbox 131 2511 237 2553; x_wconf 75' lang='lat' dir='ltr'><strong>esset</strong></span> <span class='ocrx_word' id='word_1_271' title='bbox 250 2510 495 2564; x_wconf 79' lang='lat' dir='ltr'><strong>expectans,</strong></span> <span class='ocrx_word' id='word_1_272' title='bbox 520 2500 690 2548; x_wconf 83' lang='lat' dir='ltr'><strong>alterius</strong></span> <span class='ocrx_word' id='word_1_273' title='bbox 704 2499 1032 2560; x_wconf 80' lang='lat' dir='ltr'><strong>significationis</strong></span> <span class='ocrx_word' id='word_1_274' title='bbox 1054 2518 1281 2564; x_wconf 67' lang='lat' dir='ltr'><strong>personam</strong></span> <span class='ocrx_word' id='word_1_275' title='bbox 1310 2499 1519 2564; x_wconf 54' lang='lat' dir='ltr'><strong>Prophe«-</strong></span> 
     </span>
    </p>

    <p class='ocr_par' dir='ltr' id='par_1_4' title="bbox 183 2582 489 2624">
     <span class='ocr_line' id='line_1_34' title="bbox 183 2582 489 2624; baseline 0 -11"><span class='ocrx_word' id='word_1_276' title='bbox 183 2584 192 2613; x_wconf 72' lang='grc' dir='ltr'><strong>,ί</strong></span> <span class='ocrx_word' id='word_1_277' title='bbox 216 2582 330 2616; x_wconf 76' lang='lat' dir='ltr'><strong>Manh.</strong></span> <span class='ocrx_word' id='word_1_278' title='bbox 352 2594 412 2621; x_wconf 70' lang='lat' dir='ltr'><strong>xix,</strong></span> <span class='ocrx_word' id='word_1_279' title='bbox 438 2586 489 2624; x_wconf 68' lang='lat'><strong>39.</strong></span> 
     </span>
    </p>
   </div>
  </div>
 </body>
</html>
