1902 3268
621 216 833 251 Erlsrom
869 220 998 251 xcm.
1430 208 1512 256 183

142 286 367 344 Ecclesiae,
394 283 634 332 defensores
665 284 786 348 pacis
813 294 855 329 et
881 284 1057 331 unitatis
1086 286 1303 333 nominari
1328 289 1507 338 velletis.

142 355 253 409 Cum
271 372 372 403 vero
397 355 442 402 in
470 372 540 402 eos
555 391 567 410 ‚
591 354 667 418 qui
685 353 797 400 ultro
823 365 1073 400 accusantes
1094 354 1203 400 nihil
1221 356 1409 418 probare
1430 376 1515 422 po-

142 436 344 480 tuerunt,
368 433 446 472 nec
471 424 621 472 oblato
650 424 735 470 sibi
759 426 922 484 gremio
949 426 1093 488 pacis,
1124 441 1212 488 quo
1245 430 1428 474 correcti
1450 448 1522 476 ex-

141 496 390 564 ciperentur
406 533 417 552 ,
438 495 679 543 consentire
703 495 956 553 voluerunt,
986 497 1041 542 ab
1062 497 1405 560 Imperatoribus
1420 503 1521 548 talia

141 568 461 625 decernuntur,
482 567 714 629 indignum
732 567 899 615 facinus
924 568 1175 615 clamitatur
1195 589 1205 622 ;
1232 572 1445 619 neminem
1468 575 1521 621 ad

143 640 352 688 unitatem
378 656 463 686 esse
497 638 741 699 cogendum
763 675 775 695 ,
802 639 966 685 malum
991 656 1073 702 pro
1110 639 1226 685 malo
1249 642 1523 691 reddendum

142 710 305 758 nemini
329 727 415 756 esse
448 708 741 756 contenditur.
785 709 905 766 Quid
929 720 990 754 est
1016 708 1134 754 uliud
1164 726 1297 773 quam
1329 713 1371 758 id
1404 717 1524 777 quod

141 780 197 829 de
207 779 330 827 vobis
339 779 523 845 quidam
534 779 736 844 scripsit:
754 778 922 837 «Quod
935 779 1138 825 volumus
1156 791 1355 829 sanctum
1366 795 1429 829 est
1444 785 1461 814 1
1474 789 1492 831 '1²
1507 808 1527 827 >)

144 852 202 900 Et
226 868 347 899 nunc
379 869 470 898 non
506 861 597 897 erat
618 867 828 911 magnum
862 867 1005 914 neque
1040 850 1219 898 difficile
1254 854 1526 905 considerare

145 934 274 988 atque
308 922 499 983 cogitare
534 921 809 968 Constantini
837 921 1059 983 judicium
1098 932 1226 986 atque
1267 928 1524 975 sententiam

145 1005 296 1049 eontra
318 1011 395 1041 vos
430 993 600 1054 vigere,
630 1010 732 1058 quae
766 994 916 1040 vestris
961 994 1199 1054 majoribus
1235 995 1524 1047 Caecilianum

144 1062 264 1131 apud
289 1065 605 1129 Imperatorem
626 1064 751 1111 toties
777 1065 1114 1121 accusantibus,
1140 1075 1183 1110 et
1212 1083 1299 1112 nou
1331 1071 1521 1117 convin-

145 1138 365 1194 centibUS‚
392 1137 596 1184 adversus
619 1154 693 1184 vos
715 1138 992 1201 promulgata
1008 1148 1071 1183 cst
1089 1157 1100 1192 ;
1127 1155 1313 1203 eamque
1333 1157 1530 1190 necessa-

145 1207 211 1256 rio
235 1208 357 1273 sequi
378 1218 558 1254 caeteros
580 1208 887 1272 Imperatores,
919 1209 1102 1254 maxime
1126 1209 1369 1257 catholicos
1385 1212 1532 1260 chris-

148 1279 286 1328 tianos
304 1316 315 1335 ,
344 1278 515 1343 quoties
533 1277 587 1324 de
599 1278 725 1325 vobis
742 1278 910 1342 aliquid
926 1295 1049 1339 agere
1060 1289 1214 1325 vestrae
1226 1280 1533 1333 obstinationis

147 1360 375 1396 necessstas
400 1359 534 1409 cogit.

211 1420 312 1471 XV.
340 1419 482 1466 Facile
494 1430 585 1466 erat
609 1418 685 1465 ista
709 1420 923 1481 cogitare„
956 1431 1002 1468 ut
1024 1420 1149 1467 vobis
1165 1420 1270 1485 ipsis
1291 1423 1529 1490 aliquando

148 1490 374 1544 diceretis,
405 1490 449 1536 Si
478 1489 738 1537 Caecilianus
779 1490 843 1536 vel
881 1491 1088 1538 innocens
1121 1490 1234 1549 fuit,
1278 1493 1345 1540 vel
1371 1511 1532 1544 nocens

148 1561 350 1609 convinci
376 1578 463 1606 non
487 1560 631 1626 potnit
652 1596 662 1615 ‚
694 1561 801 1625 qnid
825 1561 867 1606 in
896 1561 980 1606 lioc
1008 1561 1181 1621 negotio
1206 1572 1293 1609 tam
1314 1563 1441 1626 longe
1462 1567 1532 1614 la·-

151 1643 279 1696 teque
321 1631 474 1677 diffusa
529 1631 709 1677 societas
754 1631 990 1676 christiana
1027 1633 1263 1694 peccavit?
1307 1634 1400 1682 Cur
1436 1638 1537 1685 orbi

152 1701 389 1749 christiano
414 1719 500 1747 non
518 1701 641 1747 licuit
674 1702 897 1761 ignorare„
927 1702 1048 1765 quod
1081 1720 1169 1748 non
1196 1714 1433 1766 potuerunt
1457 1709 1533 1772 qui

87 1800 91 1803 ·
153 1782 461 1818 accusaverant
478 1771 802 1817 demonstrare?
827 1775 917 1817 (Zur
940 1773 999 1818 illi
1017 1789 1128 1836 quos
1147 1773 1349 1822 Christus
1367 1777 1413 1823 in
1433 1796 1535 1839 agro

152 1858 250 1898 suo,
278 1839 324 1886 id
350 1851 411 1886 est
443 1842 487 1886 in
518 1840 603 1886 hoc
639 1841 801 1887 mundo
822 1878 831 1895 ‚
872 1842 1128 1899 seminavit,
1163 1854 1205 1889 et
1240 1844 1351 1892 inter
1374 1848 1536 1896 zizania

152 1928 341 1959 crescere
371 1928 505 1976 usque
533 1911 587 1956 ad
617 1929 792 1957 messem
830 1913 1042 1976 praecepit
1067 1931 1077 1957 ;
1117 1930 1198 1959 cur
1223 1925 1288 1961 tot
1315 1918 1451 1965 millia
1476 1921 1535 1967 fi-

154 1981 315 2030 delium
334 1982 380 2030 in
400 1982 604 2029 omnibus
624 1983 844 2043 gentibus,
861 2000 1047 2047 quorum
1063 1984 1387 2034 multitudinem¹
1403 1991 1536 2038 stellis

154 2051 258 2100 coeli
274 2062 315 2099 et
335 2069 475 2099 arenae
489 2052 619 2099 maris
640 2053 854 2100 Dominus
876 2055 1167 2118 comparavit,
1186 2073 1297 2119 quos
1312 2058 1355 2104 in
1376 2062 1537 2108 semine

156 2122 351 2170 Abrahae
387 2122 707 2169 benedicendos
745 2125 946 2189 promisit
972 2137 1015 2170 et
1054 2125 1267 2184 reddidit,
1304 2142 1537 2194 propterea

157 2204 368 2255 negantur
392 2210 478 2239 esse
502 2192 748 2251 christiani,
775 2195 877 2259 quia
897 2196 942 2242 in
962 2196 1046 2241 hac
1070 2214 1199 2243 causa
1216 2198 1261 2244 in
1284 2217 1372 2262 qua
1392 2202 1538 2249 discu-

158 2263 304 2311 tienda
328 2280 415 2310 non
451 2263 768 2322 interfuerunt,
801 2266 1031 2326 judicibus
1066 2268 1215 2330 potius
1240 2285 1316 2314 suo
1348 2272 1542 2334 periculo

154 2333 486 2397 judicantibuS‚
513 2352 647 2400 quam
684 2336 810 2383 victis
842 2337 1133 2398 litigatoribus
1164 2338 1340 2386 credere
1374 2343 1543 2390 malue-

159 2404 290 2452 runt?
305 2404 432 2452 Certe
443 2404 605 2452 nullius
621 2406 787 2452 crimen
805 2407 998 2452 maculat
1013 2407 1286 2457 nescientem.
1308 2409 1545 2468 Quomodo

158 2472 305 2530 fideles
321 2473 552 2529 toto'orbe
584 2475 728 2525 diffusi
748 2514 759 2533 ,
798 2478 963 2525 crimen
991 2477 1249 2527 traditorum
1282 2498 1543 2544 cognoscere

206 2560 220 2584 ¹
247 2558 494 2593 Hemistichium
511 2559 680 2604 Tychonii,
