1902 3268
343 319 372 364 6
747 341 779 367 s.
825 336 1065 368 Atotjsrixi
1106 339 1305 369 Eriscopt

341 403 530 449 Paterno
564 413 605 449 et
629 404 864 450 Maurusio.
903 404 1182 464 Vigilantiam
1210 406 1351 451 cordis
1381 406 1445 452 tui
1479 407 1580 453 novi
1601 445 1611 464 ,
1648 426 1725 454 nec

344 489 455 536 opus
480 485 560 530 est,
588 474 803 527 arbitror,
830 474 958 536 plura
979 476 1192 532 scribere;
1223 493 1341 533 cum,
1358 478 1391 522 si
1417 477 1629 536 volueris,
1652 479 1720 524 fa-

347 543 508 589 cillime
527 545 662 606 possis
683 581 692 599 ,
722 555 764 588 et
794 544 903 606 quid
937 544 1009 589 alii
1034 557 1187 591 curent
1210 556 1249 592 et
1279 558 1459 594 caveant
1481 548 1524 593 in
1549 566 1726 611 posses-

343 615 540 661 sionibus
567 615 648 661 tuis
665 652 676 671 ,
709 626 751 660 et
773 615 818 660 in
851 632 895 661 re
920 626 995 661 tua
1022 616 1130 679 quid
1155 629 1307 677 agatur
1332 618 1568 666 addiscere.
1607 622 1658 665 In
1682 639 1727 667 re

341 698 418 733 tua
442 702 545 739 esse,
577 685 688 731 mihi
713 685 839 732 valde
867 685 1129 732 affirmatum
1151 697 1238 739 est,
1269 689 1456 735 amicum
1475 727 1486 746 ,
1519 707 1619 736 cum
1640 708 1727 754 quo

345 757 478 821 cupio
491 756 757 803 concordare
780 775 790 802 :
822 768 924 820 peto
946 758 1087 804 faveas
1115 758 1169 803 ad
1197 758 1312 804 hanc
1337 777 1428 805 rem
1444 798 1456 816 ‚
1486 772 1533 806 ut
1553 772 1594 806 et
1616 762 1729 807 inter

341 828 542 874 homines
562 845 764 888 magnam
779 827 972 880 laudem,
990 838 1033 873 et
1053 828 1174 892 apud
1191 830 1329 874 Deum
1344 829 1508 875 habeas
1527 847 1729 891 magnam

343 898 588 946 mercedem
612 903 732 959 :jam
755 899 870 945 enim
896 899 1007 945 mihi
1030 918 1110 963 per
1131 900 1366 964 quemdam
1383 901 1545 947 Carum
1571 902 1735 947 utrius-

341 986 428 1035 que
453 980 651 1016 nostrum
676 969 867 1017 medium
896 971 1182 1017 mandaverat
1201 1009 1211 1028 ,
1242 989 1284 1018 se
1313 972 1459 1018 nescio
1496 989 1606 1036 quos
1639 973 1732 1019 vio-

341 1042 480 1088 lentos
502 1057 602 1087 suos
618 1040 768 1087 timere
792 1058 846 1087 ne
865 1040 1048 1100 faceret,
1073 1059 1182 1107 quos
1206 1042 1250 1088 in
1275 1060 1320 1089 re
1344 1053 1418 1088 tua
1443 1053 1542 1089 etto
1561 1043 1732 1089 favente

342 1113 496 1159 timere
530 1126 618 1158 non
649 1112 842 1176 poterit:
880 1129 958 1158 nec
983 1113 1074 1176 ipse
1105 1113 1152 1158 in
1184 1130 1234 1158 eo
1261 1113 1392 1159 debes
1428 1113 1605 1174 diligere
1644 1131 1732 1159 non

345 1182 664 1238 constantiam,
708 1182 781 1228 sed
816 1182 946 1246 plane
981 1183 1285 1245 pertinaciam.
1333 1188 1482 1247 Turpe
1513 1193 1574 1229 est
1617 1183 1731 1231 enim

346 1263 517 1299 mutare
540 1253 791 1298 sententiam
813 1290 824 1310 ‚
846 1252 920 1298 sed
941 1270 1087 1298 veram
1118 1264 1161 1298 et
1184 1263 1348 1299 rectam
1383 1272 1394 1299 ι
1430 1272 1530 1300 nam
1556 1254 1731 1299 stultam

348 1332 391 1369 et
415 1323 585 1369 noxiam
605 1361 614 1380 ‚
635 1333 676 1368 et
702 1322 926 1369 laudabile
950 1334 990 1369 et
1010 1324 1183 1370 salubre
1205 1335 1280 1371 est.
1316 1325 1441 1370 Sicut
1465 1335 1606 1370 autem
1629 1342 1733 1370 con-

349 1395 505 1441 stantia
533 1412 622 1440 non
643 1394 744 1440 sinit
769 1394 993 1441 hominem
1018 1395 1271 1460 depravari,
1298 1396 1358 1442 sic
1386 1396 1623 1459 pertinacia
1649 1414 1733 1442 nou

350 1465 451 1511 sinit
483 1465 641 1525 corrigi
665 1465 885 1529 :proinde
925 1466 1036 1512 sicut
1071 1466 1143 1512 illa
1174 1466 1425 1523 laudanda,
1465 1466 1525 1512 sic
1552 1467 1736 1532 istaest

350 1535 634 1582 emendanda.
667 1536 924 1600 Presbyter,
951 1554 1083 1601 quem
1108 1537 1222 1584 misi.
1250 1536 1417 1601 reliqua
1437 1542 1524 1582 tuae
1544 1536 1735 1600 pruden-

352 1606 424 1653 tiae
451 1603 625 1670 planius
650 1606 888 1654 intimabit.
917 1607 1186 1654 Incolumem
1213 1607 1468 1670 felicemque
1491 1617 1530 1652 te
1555 1607 1628 1652 Dei
1650 1607 1734 1652 mi„

352 1676 586 1724 sericordia
610 1686 779 1724 tueatur
796 1716 806 1735 ‚
827 1678 1002 1725 domine
1021 1679 1297 1725 dilectissime
1321 1679 1562 1742 meritoque
1585 1677 1732 1724 hono—

352 1749 503 1797 rabilis
526 1755 577 1796 ac
602 1749 875 1813 suscipiende
894 1749 972 1797 fili.
