1902 3268
624 264 832 294 livissom
870 263 999 293 xcut.
1424 249 1508 309 173

137 333 387 379 utilissimus
413 342 453 378 et
478 329 900 378 misericordissimus
921 328 1152 374 extitisset.)
1180 328 1263 373 Sed
1290 329 1418 390 plane
1441 347 1512 375 sa-

133 403 224 449 lute
246 412 443 465 reparata
467 412 585 447 tanto
609 400 785 446 uberius
809 399 846 446 ei
867 399 1025 457 gratias
1047 409 1210 458 ageret,
1233 409 1397 460 quanto
1425 399 1507 445 sibi

133 489 232 518 eum
267 473 409 518 minus
441 471 685 536 pepercisse
715 470 921 516 sensisset.
946 470 984 516 O
1012 469 1045 515 si
1068 485 1238 532 possem
1263 468 1339 513 tibi
1363 479 1510 514 osten-

132 542 233 589 dere
249 580 260 599 ,
292 561 340 590 ex
361 543 466 607 ipsis
499 541 941 589 Circumcellionibus
962 558 1096 605 quam
1121 539 1280 585 multos
1304 543 1396 599 jam
1417 540 1508 585 Ca-

132 614 319 660 tholicos
331 614 575 660 manifestos
592 614 778 659 habeam
787 629 851 669 us,
872 612 1126 658 damnantes
1142 628 1263 656 suam
1282 611 1509 673 pristinam

129 685 263 732 vitam
278 696 320 731 et
348 677 636 731 miserabilem
661 700 846 730 errorem
863 719 872 736 ‚
901 699 988 745 quo
1008 698 1049 727 se
1076 681 1404 727 arbitrabantur
1426 698 1508 744 pro

131 755 324 802 Ecclesia
358 757 440 801 Dei
471 755 610 802 lacere
642 753 860 818 quidquid
892 751 1089 816 inquieta
1115 752 1352 797 temeritate
1374 751 1508 797 facie-

128 826 238 873 bant
259 844 270 871 :
293 826 370 890 qui
391 837 534 872 tamen
556 825 610 872 ad
632 825 748 870 hanc
775 823 1001 869 sanitatem
1029 839 1116 867 non
1140 820 1502 885 perducerentur,

128 896 211 942 nisi
233 895 376 956 legum
410 897 616 951 istarum,
649 910 748 957 quae
786 893 866 938 tibi
901 891 1155 955 displicent,
1191 890 1378 937 vinculis
1415 901 1507 937 tan·

128 981 261 1028 quam
290 965 535 1029 phrenetici
568 965 817 1024 ligarentur.
857 962 977 1019 Quid
1009 961 1119 1007 illud
1156 961 1335 1007 alterum
1374 977 1506 1021 genus

126 1036 271 1082 morbi
294 1036 535 1097 gravissimi
552 1052 700 1082 eorum
718 1072 728 1091 ,
752 1034 829 1099 qui
853 1034 1152 1080 turbulentam
1173 1032 1348 1096 quidem
1375 1032 1506 1078 auda·
1531 1036 1534 1038 ’

127 1103 240 1150 ciam
264 1121 352 1150 non
373 1105 625 1154 habebant.
659 1105 732 1151 sed
766 1104 956 1168 quadam
988 1113 1157 1149 vetusta
1181 1102 1379 1149 socordia
1402 1120 1504 1166 pre—

126 1175 375 1233 mebantur,
400 1177 592 1223 dicentes
622 1176 748 1221 nobis
771 1193 780 1220 :
804 1176 963 1221 Verum
999 1174 1177 1237 quidem
1213 1173 1358 1219 dicitis
1376 1210 1386 1229 ‚
1416 1190 1503 1219 non

126 1255 188 1291 est
208 1245 328 1308 quod
355 1247 690 1311 respondeatur3
710 1246 781 1292 sed
804 1246 967 1292 durum
990 1256 1052 1290 est
1075 1245 1202 1290 nobis
1228 1244 1504 1290 traditionem

125 1328 359 1380 parentum
380 1319 623 1381 relinquere
648 1337 657 1363 ε
685 1335 828 1364 nonne
857 1317 1089 1362 salubriter
1117 1316 1264 1376 regula
1289 1326 1505 1379 tempora-

125 1387 233 1433 lium
254 1388 550 1434 molestiarum
569 1388 814 1435 excutiendi
834 1398 976 1441 erant,
997 1397 1045 1432 ut
1067 1397 1269 1449 tanquam
1282 1386 1336 1432 de
1356 1403 1507 1431 somno

125 1457 367 1517 lethargico
385 1469 649 1519 emergerent
667 1496 676 1515 ‚
706 1459 805 1504 etin
826 1458 1008 1504 salutem
1026 1457 1205 1503 unitatis
1223 1449 1506 1517 evigilarent-P

125 1528 271 1585 Quam
291 1528 418 1575 multi
439 1546 486 1575 ex
500 1529 604 1593 ipsis
620 1547 738 1576 nunc
760 1528 989 1574 nobiscum
1012 1526 1246 1588 gaudentes
1269 1526 1504 1590 pristinum

122 1598 297 1663 pondus
321 1599 554 1662 perniciosi
593 1602 658 1646 sui
682 1599 825 1663 operis
866 1608 1095 1651 accusant,
1130 1609 1173 1642 et
1205 1597 1397 1643 fatentur
1427 1613 1505 1643 nos

123 1669 208 1714 sibi
230 1669 430 1714 molestos
447 1686 532 1714 esse
556 1669 773 1725 debuisse,
799 1686 851 1714 ne
868 1679 1070 1731 tanquam
1091 1667 1312 1713 mortifero
1331 1684 1501 1723 somno,

125 1740 184 1785 ita
208 1740 365 1785 morbo
388 1750 626 1786 veternosae
653 1739 978 1786 consuetudinis
1001 1738 1239 1784 interirent.

194 1811 278 1856 ΙΙΙ.
312 1810 367 1855 At
387 1810 499 1855 enim
521 1811 785 1874 quibusdam
811 1811 890 1856 ista
915 1827 1001 1855 non
1036 1818 1250 1871 prosunt,
1278 1807 1505 1871 Numquid

130 1879 228 1926 ideo
246 1879 503 1939 negligenda
522 1891 585 1925 est
608 1881 824 1926 medicina
845 1917 856 1936 ‚
879 1880 982 1944 quia
1017 1878 1330 1924 nonnullorum
1355 1889 1417 1924 est
1443 1880 1508 1924 in—

131 1949 337 1996 sanabilis
365 1950 641 2013 pestilentia?
669 1952 737 1996 Tu
766 1967 852 1995 non
888 1948 1073 1995 attendis
1104 1949 1186 1994 nisi
1219 1965 1317 2004 eos,
1350 1949 1425 2011 qui
1450 1949 1512 1994 ita

134 2020 232 2066 duri
249 2031 374 2076 sunt,
394 2032 442 2066 ut
463 2038 541 2067 nec
557 2022 680 2068 istam
703 2022 917 2084 recipiant
937 2020 1230 2083 disciplinam.
1263 2021 1326 2064 De
1350 2019 1512 2065 talibus

135 2091 250 2136 enim
284 2091 497 2154 scriptum
540 2102 636 2137 est:
663 2113 683 2134 z<
705 2093 881 2137 Frustra
917 2090 1133 2150 flagellavi
1172 2090 1282 2135 filios
1319 2100 1510 2145 vestros,

140 2182 160 2203 υ
183 2160 460 2224 disciplinam
484 2177 569 2206 non
588 2161 869 2225 receperunt¹
889 2179 898 2206 z
917 2182 936 2203 »
959 2172 1068 2224 puto
1088 2170 1232 2205 tamen
1247 2159 1350 2223 quia
1370 2159 1511 2205 dilec-

87 2287 97 2292 ,
139 2231 284 2285 tione,
315 2247 405 2276 non
439 2230 539 2276 odio
571 2231 776 2292 flagellati
812 2242 926 2278 sunt.
971 2231 1056 2277 Sed
1094 2230 1226 2276 debes
1260 2231 1389 2275 etiam
1425 2241 1514 2275 tam

142 2301 302 2347 multos
323 2301 542 2346 attendere
557 2338 568 2357 ‚
593 2301 646 2347 de
680 2318 868 2365 quorum
890 2301 1025 2347 salute
1049 2299 1300 2360 gaudemus.
1335 2300 1380 2344 Si
1402 2299 1518 2345 enim

144 2382 423 2428 terrerentur,
446 2383 488 2417 et
509 2389 596 2418 non
616 2373 891 2428 docerentur,
913 2372 1117 2435 improba
1140 2371 1263 2434 quasi
1282 2370 1521 2417 dominatio

145 2443 377 2490 videretur.
402 2443 568 2488 Rursus
586 2443 620 2489 si
643 2443 903 2489 docerentur
921 2453 962 2488 et
976 2459 1064 2488 non
1081 2451 1355 2497 terrerentur,
1378 2451 1524 2488 vetus-

151 2525 235 2561 tate
260 2513 585 2560 consuetudinis
607 2513 814 2561 obdurati
838 2513 892 2560 ad
914 2512 1222 2576 capessendam
1245 2512 1360 2559 viam
1377 2511 1523 2560 salutis

203 2597 211 2619 ¹
234 2598 483 2634 Jcre111.11,3o·
