1902 3268
619 256 828 288 ErismLA
868 255 997 287 κοίη.
1412 243 1504 290 205

129 322 221 370 lum
248 333 296 370 ut
318 321 492 386 parvuli
522 321 568 368 in
599 322 777 368 Christo
811 322 1014 384 concepti
1049 332 1300 377 nascantur,
1331 340 1507 370 verum-

127 393 254 440 etiam
278 402 337 439 ne'
342 396 436 453 jam
457 393 571 449 nati,
593 392 647 439 de
670 392 766 439 sinu
779 392 937 438 matris
957 391 1148 447 excussi,
1176 392 1433 440 moriantur.

192 465 335 511 XLII.
366 465 504 511 Porro
527 475 668 511 autem
695 465 834 528 ipsam
865 481 984 520 rem,
1010 480 1145 529 quam
1170 474 1323 509 contra
1348 464 1506 529 impios

127 545 392 598 separatores
412 536 796 591 commemoravit,
830 535 1000 581 attende
1025 554 1036 580 t
1065 535 1110 580 Si
1144 533 1350 581 adulteris
1380 552 1507 582 com-

126 604 414 652 municabant
433 643 443 661 ‚
469 606 545 670 qui
567 606 885 670 poenitentibus
907 605 1112 652 adulteris
1136 623 1290 668 pacem
1315 605 1506 665 dabant,

127 674 345 738 numquid
363 675 425 721 illi
444 677 522 739 qui
543 676 629 723 hoc
648 694 733 722 non
753 676 972 722 faciebant
990 713 1000 732 ‚
1023 675 1205 734 collegio
1224 675 1508 722 maculaban-

128 756 197 792 tur
217 745 431 793 istorum?
455 748 500 793 Si
529 758 672 793 autem
692 746 812 811 quod
842 747 997 793 veritas
1018 746 1178 801 babet,
1207 756 1249 791 et
1273 747 1393 809 quod
1418 748 1509 794 Ec-

126 815 254 862 clesia
290 817 443 863 merito
479 827 594 863 tenet
613 854 624 871 ,
668 828 784 863 recte
824 816 1142 880 poenitentibus
1179 815 1387 861 adulteris
1425 834 1506 880 pax

124 885 332 943 dabatur,
354 887 505 951 illiqui
522 888 567 933 in
584 898 725 933 totum
741 887 886 933 locum
903 887 1176 950 poenitentiae
1192 896 1346 932 contra
1371 886 1504 933 adul-

125 967 238 1003 teros
261 957 552 1014 claudebant,
587 958 723 1022 impie
758 958 909 1021 utique
938 958 1149 1017 agebant,
1185 956 1261 1020 qui
1298 958 1505 1004 membris

126 1026 290 1073 Christi
314 1029 541 1073 sanitatem
574 1029 816 1088 negabant,
837 1039 877 1074 et
896 1028 1038 1074 claves
1061 1027 1264 1074 Ecclesiae
1288 1027 1507 1090 pulsanti-

123 1097 208 1144 bus
232 1097 580 1154 subtrahebant,
620 1110 662 1144 et
698 1098 1113 1145 misericordissimae
1137 1098 1361 1161 patientiae
1394 1099 1502 1155 Dei,

123 1184 225 1231 quae
249 1167 345 1213 illos
364 1178 594 1232 propterea
627 1169 799 1214 sinebat
830 1169 972 1214 vivere
988 1206 998 1225 ,
1025 1180 1072 1214 ut
1093 1168 1352 1232 poenitendo
1376 1186 1506 1215 sana-

123 1248 276 1284 rentur
301 1238 517 1284 sacrificio
554 1239 734 1285 contriti
775 1240 951 1303 spiritus
983 1249 1025 1285 et
1049 1238 1338 1285 contribulati
1362 1240 1505 1286 cordis

124 1308 298 1364 oblato,
322 1308 433 1354 dura
448 1309 705 1355 crudelitate
719 1309 1098 1356 contradicebant.
1126 1310 1214 1355 Nec
1237 1319 1378 1354 tamen
1399 1309 1503 1355 istos

123 1379 418 1426 misericordes
432 1391 474 1426 et
496 1381 703 1444 pacificos
719 1418 730 1436 ‚
761 1398 863 1427 cum
890 1381 950 1427 eis
973 1379 1213 1427 christiana
1236 1391 1502 1427 sacramenta

122 1451 494 1497 communicantes
509 1489 519 1507 ,
547 1462 588 1497 et
607 1469 678 1497 eos
694 1452 807 1498 intra
824 1451 999 1497 unitatis
1017 1451 1122 1496 retia
1139 1450 1366 1496 tolerantes
1384 1488 1394 1507 ‚
1418 1451 1504 1496 <lo-

123 1537 204 1568 nec
227 1519 280 1565 ad
306 1520 428 1566 littus
453 1521 654 1584 perducti
677 1532 998 1585 separarentur,
1020 1532 1109 1566 tam
1132 1521 1332 1566 immanis
1352 1538 1503 1567 eorum

123 1607 243 1636 error
259 1591 512 1654 etimpietas
530 1592 821 1655 inquinabat;
845 1602 920 1637 aut
933 1591 967 1636 si
985 1590 1262 1654 inquinabat,
1283 1593 1373 1650 jam
1397 1603 1502 1636 tunc

124 1660 314 1706 Ecclesia
336 1661 551 1707 malorum
584 1662 892 1708 communione
915 1661 1053 1707 deleta
1078 1671 1163 1716 est,
1188 1677 1269 1706 nec
1289 1672 1380 1706 erat
1403 1678 1502 1723 quae

124 1741 293 1794 pareret
309 1731 454 1793 ipsum
478 1733 770 1795 Cyprianum.
799 1732 844 1777 Si
870 1743 1013 1778 autem
1034 1768 1044 1787 ,
1067 1730 1186 1794 quod
1211 1741 1378 1776 certum
1406 1743 1466 1776 est
1486 1769 1495 1782 ,

110 1802 360 1865 permansit
378 1802 572 1848 Ecclesia
587 1839 597 1854 ,
622 1814 788 1849 certum
811 1813 872 1848 est
895 1802 1023 1848 etiam
1050 1800 1238 1865 peccatis
1262 1800 1431 1858 alienis,
1457 1802 1498 1846 in

123 1872 287 1918 unitate
309 1872 473 1918 Christi
488 1909 498 1927 ,
522 1873 737 1919 neminem
757 1891 880 1936 posse
903 1873 1111 1918 maculari
1130 1910 1141 1928 ,
1166 1889 1252 1917 non
1282 1870 1498 1917 malorum

120 1942 245 1988 factis
267 1943 603 1989 consentientem
625 1980 635 2000 ,
670 1961 749 1989 nec
783 1944 887 2007 ipsis
920 1943 1108 2006 peccatis
1131 1941 1500 1988 communicando

121 2012 363 2076 polluatur,
386 2012 458 2058 sed
486 2024 669 2076 propter
692 2015 939 2059 societatem
962 2013 1181 2058 bonorum
1200 2049 1211 2067 ,
1240 2011 1374 2057 malos
1388 2014 1499 2057 *tan-

122 2099 252 2146 quam
275 2082 420 2146 paleas
437 2100 570 2146 usque
590 2082 643 2129 ad
671 2083 866 2129 ultimam
888 2083 1214 2130 ventilationem
1238 2082 1282 2128 in
1303 2099 1401 2128 area
1415 2081 1501 2128 do-

121 2154 280 2200 minica
301 2154 563 2201 tolerantem.
595 2155 709 2211 Quae
725 2172 824 2201 cum
842 2155 900 2200 ita
925 2155 1039 2210 sint,
1069 2154 1145 2200 ubi
1165 2164 1226 2199 est
1249 2170 1500 2216 praesump-

122 2225 184 2270 tio
207 2224 488 2287 separationis
519 2228 698 2271 vestrae?
739 2227 891 2271 tN'onne
924 2225 1003 2271 filii
1028 2224 1130 2270 mali
1153 2225 1250 2270 estis
1267 2260 1278 2279 ‚
1317 2223 1402 2287 ipsi
1426 2240 1500 2271 vos

115 2300 253 2356 Justos
271 2294 413 2340 (licitis
429 2332 438 2349 ,
463 2295 618 2342 exitum
647 2306 789 2342 autem
814 2306 1004 2342 vestrum
1030 2313 1118 2341 non
1139 2293 1348 2340 abluitis?

189 2366 353 2412 XLlll.
387 2366 483 2411 Jam
510 2368 542 2411 si
571 2366 696 2412 velim
725 2377 767 2411 et
801 2366 872 2412 illa
898 2381 1264 2421 commemorare,
1284 2380 1384 2427 quae
1405 2365 1500 2428 Ty·
1561 2366 1569 2373 ⁴

123 2434 326 2488 chonius,
346 2435 479 2481 homo
500 2436 820 2482 communionis
836 2447 988 2481 vestrae
1006 2472 1016 2491 ,
1041 2435 1213 2498 scriptis
1234 2434 1497 2490 suisinserit,

122 2505 198 2567 qui
219 2505 351 2565 magis
364 2516 513 2550 contra
533 2523 607 2551 vos
627 2523 706 2569 pro
725 2505 916 2550 Ecclesia
934 2505 1152 2551 catholica
1166 2505 1364 2567 scripsit,
1391 2504 1500 2550 frus-

124 2585 187 2622 tra
210 2593 252 2622 se
269 2577 326 2621 ab
345 2575 546 2623 Afrorum
562 2613 572 2633 ,
605 2575 729 2639 quasi
749 2575 1007 2622 traditorum
1034 2577 1341 2622 communione
1363 2591 1502 2620 secer-
