1902 3268
346 247 435 300 23,ss
750 264 782 290 s.
831 262 1068 292 At’stt‘s'rlx'l
1110 264 1307 292 Episcopi

343 343 388 370 es
413 327 537 384 altius
562 327 842 372 sublimatum
863 364 873 382 ,
907 328 1069 372 etiamsi
1092 329 1322 391 episcopus
1352 344 1438 373 non
1461 343 1590 373 essem
1606 364 1617 383 ,
1659 328 1715 372 fi-

343 395 518 441 duciam
544 407 684 443 tamen
702 396 863 441 habere
882 397 1085 458 potuisse.
1114 398 1212 443 Cito
1237 397 1408 443 interim
1427 413 1504 460 per
1523 395 1718 442 edictum

341 466 600 511 excellentiae
621 477 707 511 tuae
726 466 926 512 noverint
950 466 1144 512 haeretici
1170 468 1408 514 Donatistae
1422 504 1432 523 ‚
1457 483 1629 513 manere
1651 466 1718 512 le-

343 553 412 596 ges
436 547 585 581 contra
621 553 809 581 errorem
836 553 961 581 suum
997 536 1109 582 latas
1128 574 1138 593 ,
1172 555 1280 601 quas
1308 542 1400 598 jam
1429 537 1541 585 nihil
1577 537 1720 584 valere

343 606 615 651 arbitrantur
638 617 678 651 et
697 610 894 666 jactant,
913 623 965 651 ne
985 606 1053 652 vel
1077 607 1137 652 sic
1166 608 1291 653 nobis
1308 625 1487 670 parcere
1507 607 1718 670 aliquate-

341 692 422 721 nus
440 677 619 739 possint.
652 676 895 721 Plurimum
916 686 1057 721 autem
1078 676 1248 722 labores
1272 688 1314 722 et
1332 677 1526 740 pericula
1550 686 1714 733 nostra,

340 763 429 809 quo
460 747 681 793 fructuosa
708 747 824 803 sint,
855 746 1101 806 adjuvabis,
1129 747 1163 792 si
1184 765 1334 793 eorum
1368 747 1644 793 vanissimam
1676 757 1719 792 et

343 816 495 879 impiae
516 818 733 880 superbiae
760 817 1051 880 plenissimam
1080 828 1237 863 sectam
1260 835 1347 863 non
1365 817 1424 862 ita
1443 833 1565 862 cures
1583 817 1720 880 impe-

342 886 526 931 rialibus
568 887 735 946 legibus
769 887 1032 949 comprimi,
1071 898 1118 932 ut
1148 888 1229 933 sibi
1267 887 1335 933 vel
1367 887 1453 932 suis
1491 885 1722 932 videantur

340 955 683 1019 qualescumque
706 957 919 1002 molestias
938 975 1018 1019 pro
1043 958 1224 1004 veritate
1247 969 1375 1021 atque
1393 956 1562 1016 Justitia
1589 957 1722 1001 susti-

342 1042 442 1070 nere
466 1043 476 1070 :
505 1025 577 1070 sed
598 1043 667 1071 eos
684 1064 694 1083 ,
715 1044 813 1072 cum
842 1028 928 1071 hoc
956 1028 1034 1072 abs
1060 1039 1098 1072 te
1119 1029 1283 1090 petitur
1301 1064 1311 1083 ‚
1333 1044 1480 1072 rerum
1504 1036 1721 1072 certarum

341 1095 696 1140 manifestissimis
711 1096 983 1141 documentis
1001 1097 1119 1160 apud
1147 1099 1253 1143 Acta
1271 1097 1338 1145 vel
1353 1096 1620 1159 praestantiae
1637 1106 1723 1141 tuae

338 1165 406 1212 vel
437 1165 656 1211 minorum
689 1167 893 1225 judicum
919 1168 1122 1213 convinci
1156 1179 1288 1231 atque
1322 1167 1478 1213 instrui
1503 1167 1718 1229 patiaris;

342 1244 445 1279 utet
464 1235 544 1296 ipsi
566 1236 638 1298 qui
664 1246 702 1280 te
718 1237 900 1295 jubente
922 1238 1177 1294 attinentur,
1201 1238 1374 1293 duram,
1397 1237 1429 1282 si
1447 1237 1538 1281 fieri
1556 1246 1717 1300 potest,

340 1304 517 1350 flectant
552 1307 597 1350 in
630 1307 783 1352 melius
810 1307 1080 1353 voluntatem
1101 1346 1111 1365 ,
1144 1319 1185 1354 et
1222 1326 1269 1354 ea
1301 1307 1466 1354 caeteris
1493 1306 1724 1352 salubriter

341 1374 499 1434 legant.
553 1376 789 1422 Onerosior
825 1388 886 1422 est
922 1379 1089 1442 quippe
1122 1396 1255 1442 quam
1293 1378 1441 1424 utilior
1463 1377 1685 1438 diligentia
1707 1413 1719 1433 ‚

345 1445 545 1506 quamvis
572 1456 620 1491 ut
643 1464 850 1506 magnum
884 1447 1107 1495 deseratur
1133 1449 1297 1495 malum
1317 1486 1328 1505 ,
1356 1459 1397 1494 et
1419 1463 1627 1507 magnum
1655 1456 1721 1492 te—

342 1525 494 1560 neatur
516 1516 700 1575 bonum,
727 1519 821 1577 cogi
848 1528 1016 1566 tantum
1037 1520 1252 1575 homines,
1280 1536 1369 1565 non
1391 1518 1554 1564 doceri.
