1902 3268
369 300 459 357 432
777 309 811 338 s,
856 302 1100 335 norsum
1137 303 1339 335 Eriseorr

372 377 437 424 dis
458 376 522 423 sui
541 392 647 421 voce
668 383 894 427 testentur,
916 388 965 416 ac
991 371 1051 415 sic
1077 369 1220 433 aliqua
1238 404 1249 423 ,
1274 369 1304 414 si
1328 368 1417 413 fieri
1445 379 1599 432 potest,
1626 380 1743 416 tanto

372 451 535 508 majora
555 444 743 491 remedia
766 443 1059 504 requirantur,
1081 456 1214 502 quam
1234 452 1282 484 ut
1307 439 1423 484 taciti
1450 451 1627 503 pereant
1649 457 1746 504 per—

372 518 544 564 niciosis
568 511 890 578 suspicionibus
910 509 1143 556 venenati?
1163 509 1445 572 Quapropter
1471 511 1602 570 magis
1630 522 1747 556 sata-

372 587 561 649 gendum
589 595 675 640 est,
705 581 820 629 unde
840 618 850 637 ,
887 580 1014 626 etiam
1048 579 1304 642 priusquam
1328 580 1419 625 hoc
1444 581 1588 636 fieret,
1615 581 1749 628 locuti

371 675 543 714 sumus,
579 653 802 719 quomodo
827 650 1141 716 persuadeatur
1172 650 1447 708 hominibus,
1490 651 1650 714 quibus
1674 669 1751 698 nos

371 729 426 775 ad
460 726 706 791 exemplum
740 725 959 769 bonorum
1002 738 1182 785 operum
1219 721 1420 785 praebere
1445 722 1750 786 praecipimur,

370 799 527 846 falsum
556 814 642 843 esse
672 794 791 859 quod
817 793 1113 857 suspicantur,
1144 808 1277 855 quam
1303 792 1524 855 quomodo
1546 793 1753 853 arguendi

374 880 475 916 sunt
490 905 500 925 ,
523 868 600 931 qui
627 865 893 929 suspiciones
913 880 1008 908 suas
1031 863 1212 907 vocibus
1239 863 1468 927 verbisque
1491 863 1728 911 declarant.

439 939 500 985 ΙΙ.
533 936 725 983 Proinde
758 951 836 994 ego
866 944 1027 979 sanctae
1064 932 1239 977 Albinae
1270 950 1357 977 non
1384 950 1615 979 succenseo
1635 972 1644 989 ,
1678 952 1756 980 nec

371 1006 635 1069 arguendam
657 1004 811 1065 judico
826 1041 836 1060 ‚
859 1003 931 1049 sed
951 1020 975 1048 a
997 1002 1069 1047 tali
1088 1003 1332 1066 suspicione
1350 1004 1600 1052 sanandam.
1624 1005 1753 1061 Quae,

372 1080 586 1144 quianon
622 1077 667 1122 in
693 1092 832 1121 meam
858 1090 1085 1138 personam
1123 1073 1271 1118 eadem
1305 1074 1438 1119 verba
1470 1075 1654 1130 direxit,
1684 1074 1757 1121 sed

372 1161 581 1213 tanquam
605 1146 659 1192 de
682 1143 1046 1209 Hipponensibus
1076 1153 1223 1205 questa
1249 1154 1337 1199 est,
1364 1144 1483 1206 quod
1509 1147 1757 1208 aperuerint

371 1219 656 1283 cupiditatem
685 1233 805 1261 suam
824 1251 835 1271 ,
857 1231 898 1259 se
922 1230 1010 1259 non
1030 1212 1285 1268 clericatus,
1309 1212 1382 1258 sed
1405 1214 1606 1276 pecuniae
1629 1232 1757 1261 causa

369 1290 594 1336 hominem
620 1287 824 1342 divitem,
858 1296 987 1348 atque
1018 1283 1275 1342 hujusmodi
1304 1284 1503 1346 pecuniae
1524 1296 1757 1349 contemp-

370 1371 506 1406 torem
530 1370 572 1404 et
594 1357 844 1417 largitorem
870 1354 988 1418 apud
1011 1372 1052 1399 se
1075 1365 1213 1399 tenere
1234 1355 1416 1400 voluisse
1438 1372 1448 1400 ε
1475 1365 1618 1401 tamen
1636 1356 1756 1419 quod

369 1430 423 1476 de
462 1429 587 1475 nobis
625 1427 827 1481 senserit,
871 1442 982 1488 pene
1024 1423 1245 1470 clamavit.
1289 1425 1378 1470 Nec
1423 1425 1516 1488 ipsa
1556 1436 1723 1472 tantum
1740 1463 1751 1482 ,

368 1498 650 1546 verumetiam
678 1496 817 1542 sancti
856 1495 934 1540 filii
965 1497 1056 1554 ejus
1074 1530 1085 1550 ,
1120 1494 1196 1557 qui
1228 1494 1314 1539 hoc
1346 1495 1474 1539 etiam
1500 1495 1592 1558 ipsa
1617 1496 1687 1542 die
1710 1497 1755 1541 in

368 1569 519 1616 abside
544 1568 758 1613 dixerunt.
798 1566 889 1611 Hos
917 1581 1016 1624 ergo
1035 1600 1045 1619 ,
1086 1574 1133 1609 ut
1156 1563 1241 1608 dixi
1263 1601 1273 1619 ,
1302 1565 1436 1625 magis
1461 1565 1674 1611 sanandos
1699 1568 1753 1612 ab

366 1638 623 1699 hujusmodi
656 1636 1007 1699 suspicionibu8‚
1035 1651 1167 1697 quam
1203 1646 1386 1697 propter
1409 1636 1487 1680 has
1512 1636 1754 1695 arguendos

366 1710 576 1757 existimo.
602 1708 690 1753 Ubi
709 1708 823 1752 enim
846 1706 975 1751 nobis
999 1723 1021 1750 a
1050 1704 1185 1768 spinis
1214 1705 1372 1751 talibus
1395 1707 1600 1752 securitas
1620 1717 1660 1752 et
1681 1725 1753 1754 re-

367 1780 489 1845 quies
515 1777 756 1843 praeparari
790 1776 858 1823 vel
892 1775 1084 1839 praeberi
1122 1785 1291 1837 potest,
1319 1776 1351 1820 si
1385 1775 1586 1821 adversus
1610 1794 1685 1822 nos
1708 1778 1752 1822 rin

364 1861 455 1896 tam
480 1849 640 1895 sanctis
660 1847 874 1909 nobisque
898 1845 1163 1890 charissimis
1189 1845 1398 1891 cordibus
1424 1847 1578 1892 nostris
1599 1847 1752 1910 pullu-

364 1921 454 1966 lare
471 1921 686 1984 potuere?
708 1919 771 1962 De
791 1928 828 1962 te
845 1916 1012 1979 quippe
1036 1916 1289 1979 imperitum
1310 1917 1466 1976 vulgus
1486 1918 1571 1962 hoc
1593 1920 1748 1963 sensit:

364 1990 418 2037 de
440 1991 566 2036 nobis
589 1989 752 2033 lumina
775 1987 982 2032 Ecclesiae
1010 2003 1020 2030 2
1053 1985 1169 2030 unde
1202 1982 1308 2048 quid
1345 1988 1477 2046 magis
1513 1987 1750 2034 dolendum

364 2061 419 2106 sit
435 2097 445 2116 ,
470 2059 604 2105 vides.
631 2058 875 2118 Utrumque
899 2066 1043 2100 autem
1066 2071 1152 2100 non
1171 2056 1464 2102 accusandum
1485 2074 1654 2112 censeo,
1677 2058 1750 2104 sed

363 2127 605 2175 sanandum
636 2143 647 2170 ε
673 2125 872 2171 homines
898 2125 1012 2170 enim
1037 2135 1167 2180 sunt,
1197 2135 1238 2170 et
1261 2125 1314 2170 de
1341 2126 1599 2172 hominibus
1619 2126 1747 2184 talia,

360 2198 463 2246 licet
480 2197 583 2243 falsa
600 2233 611 2253 ,
636 2212 724 2241 non
742 2206 885 2240 tamen
904 2194 1181 2240 incredibilia
1202 2196 1491 2259 suspicantur.
1522 2198 1634 2243 Nam
1660 2198 1750 2243 uti-

363 2286 450 2334 que
470 2285 559 2314 non
583 2283 720 2330 usque
746 2265 853 2311 adeo
878 2265 1098 2328 desipiunt
1126 2266 1227 2311 tales
1248 2267 1467 2323 homines,
1495 2278 1542 2313 ut
1571 2267 1750 2314 credant

361 2339 577 2404 populum
615 2353 737 2382 suam
781 2335 1022 2382 desiderare
1058 2337 1290 2399 pecuniam
1334 2354 1344 2382 :
1385 2338 1625 2401 praesertim
1657 2342 1748 2397 jam

359 2409 548 2473 experti,
578 2405 698 2471 quod
719 2405 832 2452 nihil
853 2423 900 2451 ex
923 2423 969 2452 ea
997 2406 1189 2469 populus
1213 2407 1518 2466 Thagastensis
1544 2409 1738 2471 accepit:

361 2483 422 2527 sic
442 2496 543 2538 ergo
567 2488 609 2523 ct
634 2476 944 2539 Hipponensis,
974 2477 1133 2522 Verum
1169 2478 1307 2521 omnis
1332 2478 1430 2523 haec
1462 2478 1626 2523 invidia
1658 2496 1744 2523 non

363 2551 444 2598 nisi
463 2549 509 2594 in
530 2548 709 2593 clericos
730 2557 883 2592 aestuat
902 2583 912 2602 ,
939 2548 1205 2610 maximeque
1228 2548 1269 2591 in
1297 2548 1535 2611 episcopos,
1555 2565 1741 2610 quorum

354 2619 530 2668 videtur
549 2616 809 2679 praeminere
829 2615 1106 2671 dominatus,
1138 2618 1213 2679 qui
1235 2618 1296 2661 uti
1322 2616 1494 2679 fruique
1514 2616 1642 2661 rebus
1665 2634 1740 2662 ec-
