1902 3268
633 302 844 333 nrisrota
881 301 1010 332 cxxx.
1426 291 1517 352 [277

144 369 259 414 enim
281 367 408 415 valde
422 384 628 429 magnum
655 378 745 423 est,
774 365 847 412 sed
879 383 957 412 nos
977 365 1031 412 acl
1050 367 1314 431 capiendum
1337 370 1461 434 parvi
1482 381 1524 418 et

144 438 317 499 angusti
331 455 494 486 sumus.
528 437 633 485 Ideo
652 438 779 484 nobis
797 437 959 483 dicitur
981 474 993 494 ,
1020 458 1041 479 «
1061 438 1315 486 Dilatamini
1330 476 1342 497 ,
1364 457 1416 486 ne
1434 440 1524 488 sitis

143 529 164 551 »
182 511 340 569 jugum
360 508 569 555 ducentes
588 525 690 554 cum
708 507 961 554 infidelibus
978 506 1013 555 1.
1036 529 1056 550 »
1074 509 1215 556 Tanto
1233 509 1524 575 quippeillud

143 577 263 641 quod
291 577 415 624 valde
440 594 644 639 magnum
672 588 734 623 est
753 577 872 641 quod
898 594 978 624 nec
1005 577 1157 625 oculus
1173 579 1301 638 vidit,
1318 580 1524 645 quianon

142 657 204 694 est
221 647 370 703 color;
396 665 476 694 nec
510 648 625 695 auris
646 647 838 705 audivit,
870 647 974 712 quia
1000 664 1089 695 non
1119 659 1181 696 est
1200 666 1357 705 sonus;
1379 667 1457 697 nec
1478 651 1523 699 in

143 733 221 764 cor
243 718 435 765 hominis
459 718 652 765 ascendit
669 719 687 748 2
704 755 714 774 ,
739 718 843 782 quia
863 735 938 765 cor
963 717 1154 765 hominis
1177 719 1283 766 illuc
1301 720 1432 767 debet
1453 738 1525 768 as-

143 787 327 835 cendere
347 826 359 846 ,
387 805 605 836 sumemus
625 788 831 852 capacius
853 824 865 845 ,
902 798 1067 851 quanto
1093 788 1141 835 id
1165 799 1206 836 et
1229 789 1400 837 fidelius
1434 807 1524 838 cre-

143 856 288 904 dimus
308 896 318 913 ,
345 869 387 905 et
419 875 644 924 speramus
669 859 837 904 firmius
855 894 866 915 ,
900 868 943 904 et
963 857 1259 906 desideramus
1279 859 1516 908 ardentius.

206 929 372 977 XVIII.
400 931 452 976 In
470 930 563 993 ipsa
588 944 688 988 ergo
712 927 798 974 fide
816 937 859 973 et
876 944 953 991 spe
969 938 1013 974 et
1031 928 1245 976 charitate
1268 931 1524 979 continuato

143 999 355 1046 desiderio
391 1017 559 1064 semper
587 1015 773 1046 oramus.
809 997 895 1045 Sed
919 998 1017 1045 ideo
1047 1016 1125 1063 per
1150 1011 1266 1046 certa
1297 1000 1526 1050 intervalla

143 1069 352 1116 horarum
375 1082 418 1117 et
449 1081 697 1134 temporum
723 1069 852 1116 etiam
875 1069 1020 1116 verbis
1049 1087 1254 1132 rogamus
1277 1072 1418 1119 Deum
1434 1109 1446 1129 ,
1477 1083 1527 1119 ut

141 1139 225 1187 illis
245 1157 390 1187 rerum
409 1141 540 1202 signis
564 1157 640 1186 nos
663 1140 780 1203 ipsos
797 1139 1108 1187 admoneamus
1127 1161 1139 1196 ;
1161 1152 1462 1207 quantumque
1478 1142 1525 1189 in

143 1210 230 1256 hoc
254 1210 466 1257 desiderio
491 1210 802 1274 profecerimus
825 1209 953 1256 nobis
974 1209 1080 1273 ipsis
1103 1210 1422 1259 innotescamus
1443 1249 1456 1270 ,
1483 1223 1526 1259 et

145 1279 198 1326 ad
223 1280 311 1327 hoc
348 1281 598 1341 augendum
632 1297 708 1326 nos
731 1280 848 1343 ipsos
879 1280 1021 1326 acrius
1061 1282 1308 1328 excitemus.
1346 1282 1530 1344 Dignior

144 1351 260 1396 enim
278 1361 483 1415 sequetur
505 1351 681 1397 effectus
702 1387 713 1407 ,
738 1367 868 1414 quem
893 1349 1128 1397 ferventior
1153 1351 1366 1415 praecedit
1394 1353 1528 1400 affec-

146 1431 228 1468 tuS.
261 1423 324 1468 Ac
351 1439 429 1485 per
452 1421 540 1468 hoc
563 1431 605 1467 et
624 1420 745 1485 quod
772 1421 832 1466 ait
856 1421 1093 1484 Apostolus
1108 1458 1120 1479 ,
1145 1422 1284 1469 «Sine
1308 1423 1530 1471 intermis-

145 1512 166 1534 ›>
183 1490 302 1537 sione
340 1491 518 1548 orate-³,
561 1513 582 1534 »
609 1490 716 1554 quid
746 1501 808 1536 est
847 1489 966 1537 aliud
994 1507 1127 1555 quam
1156 1492 1330 1539 beatam
1356 1493 1493 1542 vitam
1514 1530 1528 1552 ,

143 1578 244 1627 quae
265 1561 384 1608 nulla
402 1562 483 1608 nisi
500 1573 663 1608 aeterna
690 1571 752 1607 est
777 1598 787 1617 ‚
814 1561 870 1607 ab
889 1577 938 1607 eo
959 1562 1036 1625 qui
1057 1578 1151 1608 eam
1178 1562 1293 1610 solus
1313 1563 1416 1611 dare
1443 1581 1529 1629 po·-

146 1641 228 1678 test
246 1669 256 1688 ,
287 1632 377 1679 sine
393 1633 710 1679 intermissione
731 1631 1005 1679 desiderate?
1032 1631 1214 1696 Semper
1233 1650 1333 1694 ergo
1357 1634 1473 1681 hanc
1502 1654 1526 1683 a

148 1702 337 1749 Domino
356 1704 448 1750 Deo
463 1702 754 1749 desideremus
775 1712 816 1748 et
840 1718 1013 1748 oramus
1027 1718 1210 1766 semper.
1237 1703 1322 1750 Sed
1348 1704 1446 1752 ideo
1469 1705 1527 1751 ab

148 1773 240 1820 aliis
258 1774 373 1820 curis
393 1785 525 1838 atque
547 1774 730 1835 negotiis
746 1811 757 1831 ,
777 1774 940 1838 quibus
963 1773 1108 1837 ipsum
1128 1773 1386 1823 desiderium
1409 1792 1527 1840 quo-

147 1844 248 1890 dam
278 1844 409 1890 modo
436 1845 618 1909 tepescit
639 1882 650 1901 ,
694 1846 820 1890 certis
857 1843 976 1889 horis
1019 1844 1076 1890 ad
1117 1845 1342 1905 negotium
1376 1846 1531 1895 orandi

147 1925 336 1962 mentem
366 1932 644 1971 revocamus,
668 1915 812 1962 verbis
835 1914 1041 1961 orationis
1059 1931 1136 1961 nos
1155 1915 1271 1979 ipsos
1295 1916 1529 1964 admonen-

148 1995 210 2031 tes
226 1985 270 2032 in
294 1985 339 2031 id
359 2022 370 2042 ,
400 1986 521 2049 quod
547 1985 839 2031 desideramus
858 2021 870 2041 ,
896 1983 1120 2030 intendere
1140 2022 1151 2041 ,
1179 2002 1233 2031 ne
1255 1987 1374 2049 quod
1393 1998 1527 2052 tepes-

149 2073 243 2102 cere
270 2067 467 2120 coeperat
486 2094 498 2111 ‚
523 2055 702 2102 omnino
724 2055 947 2115 frigescat,
975 2065 1016 2100 et
1032 2055 1206 2118 penitus
1222 2057 1496 2118 extinguatur
1512 2095 1525 2116 ,

148 2127 230 2173 nisi
250 2127 446 2173 crebrius
462 2127 773 2173 inflammetur.
792 2125 918 2171 Unde
934 2135 976 2171 et
995 2124 1105 2172 illud
1121 2126 1239 2189 quod
1257 2127 1372 2174 idem
1392 2129 1424 2175 A
1430 2146 1529 2193 pos·

151 2196 263 2244 tolus
282 2198 355 2256 ait,
371 2219 389 2239 «
402 2197 720 2244 Postulationes
736 2207 890 2244 vestrae
904 2196 1304 2260 innotescantapud
1322 2198 1529 2257 Deum—'⁸92

150 2285 236 2314 non
262 2268 323 2315 sic
342 2268 649 2333 accipiendum
675 2278 753 2325 est,
776 2279 986 2332 tanquam
1012 2269 1103 2314 Deo
1132 2268 1431 2328 innotescant,
1453 2270 1530 2334 qui

152 2356 222 2385 eas
240 2349 282 2385 et
307 2350 540 2403 antequam
564 2349 703 2385 essent
726 2339 876 2402 utique
910 2347 1088 2383 noverat
1109 2374 1121 2394 ,
1148 2337 1221 2383 sed
1250 2338 1378 2384 nobis
1400 2339 1530 2386 inno-

152 2418 317 2455 tescant
334 2409 455 2473 apud
479 2411 620 2467 Deum
643 2425 721 2473 per
745 2407 1017 2455 tolerantiam
1043 2444 1054 2464 ,
1077 2424 1163 2453 non
1189 2407 1308 2471 apud
1332 2408 1531 2456 homines

152 2496 232 2543 per
254 2480 528 2540 jactantiam.
555 2480 644 2526 Aut
674 2479 784 2525 forte
805 2479 933 2524 etiam
960 2478 1229 2524 innotescant
1261 2478 1432 2539 Angelis
1455 2479 1531 2544 qui

154 2560 255 2596 sunt
281 2550 402 2614 apud
425 2552 584 2607 Deum,
613 2561 663 2597 ut
688 2549 881 2614 quodam
902 2547 1034 2595 modo
1055 2565 1124 2596 eas
1142 2549 1324 2595 offerant
1341 2554 1436 2596 Deo
1455 2586 1467 2607 ,
1490 2560 1534 2596 et

202 2633 212 2656 ¹
240 2644 256 2664 2
273 2634 350 2668 Cor.
368 2645 413 2676 vi,
438 2640 491 2672 xl..
507 2651 550 2658 -
566 2631 646 2668 2Id.
665 2645 702 2674 11,
717 2645 752 2675 9.
771 2651 813 2659 —
828 2631 842 2656 ³
865 2645 875 2665 ι
897 2632 1007 2665 Thess.
1027 2633 1131 2675 v216.
1153 2650 1195 2658 —
1214 2630 1229 2658 ⁴
1253 2632 1372 2676 Philip.
1391 2644 1433 2671 iv,
1449 2634 1481 2666 6.
