1902 3268
601 302 811 334 EPISTULA
848 302 1033 332 Lxxxttl.
1422 293 1508 339 1⁶25

135 378 256 424 muni
286 377 459 424 nomine
483 376 634 440 scripsi
651 414 661 433 ,
697 377 991 442 subscriptam
1024 393 1110 422 non
1133 376 1303 422 differas
1324 378 1503 427 mittere.

135 451 190 495 Et
221 448 255 494 si
279 449 390 494 forte
415 447 502 493 illic
538 447 647 494 illud
676 451 844 508 Justum
875 448 1140 512 apertissime
1165 448 1392 512 pervides,
1422 467 1510 496 non

133 530 344 579 cogantur
360 518 522 564 infirmi
542 517 671 564 modo
692 519 854 566 discere
866 518 986 583 quod
1000 535 1076 580 ego
1087 518 1282 565 nondum
1294 519 1506 580 intelligo,

135 600 184 635 ut
200 589 286 636 hoc
304 590 420 636 circa
433 606 503 636 eos
522 590 568 636 in
584 590 669 636 hac
681 608 808 637 causa
823 601 1029 647 servetur,
1043 590 1164 654 quod
1181 591 1393 637 Dominus
1415 591 1472 638 ait
1494 608 1506 637 ς

134 681 155 703 <‹
178 660 320 707 Multa
336 660 481 707 habeo
506 661 630 708 vobis
653 661 796 708 dicere
815 699 826 719 ,
847 661 920 707 sed
936 678 1028 707 non
1046 660 1224 724 potestis
1243 660 1315 707 illa
1334 672 1510 725 portare

133 751 155 773 2>
178 730 350 778 modo1-.
380 754 400 775 n
422 732 516 778 Tali
544 734 710 797 quippe
735 732 978 779 infirmitati
1004 748 1186 795 parcens
1202 768 1212 788 ,
1243 732 1371 778 etiam
1398 732 1510 778 illud

131 801 185 848 de
205 802 375 849 tributo
405 803 613 851 solvendo
635 804 724 849 ait:
753 825 773 844 «
796 805 910 863 Ergo
930 801 1057 848 liberi
1091 813 1190 847 sunt
1221 801 1323 858 filii,
1352 801 1425 848 sed
1457 819 1510 848 ne

131 873 469 921 scandalizemus
496 875 593 920 eos2
608 912 619 932 ,
641 897 661 917 »
685 886 727 920 et
750 885 907 921 caetera
926 872 1104 937 quando
1125 874 1304 919 Petrum
1323 872 1440 919 misit
1463 883 1512 919 ut

132 943 440 1002 didrachmas,
470 962 570 1009 quae
596 956 704 992 tunc
727 945 1025 1006 exigebantur,
1054 942 1280 991 solverent.
1322 944 1512 990 Noverat

131 1015 246 1061 enim
266 1015 385 1062 aliud
404 1019 500 1076 J'US,
532 1033 621 1081 quo
641 1017 753 1063 nihil
776 1016 858 1063 tale
879 1016 1097 1062 debebat:
1122 1014 1195 1061 sed
1227 1032 1279 1060 eo
1299 1018 1398 1075 jure
1428 1015 1511 1061 tri-

131 1085 290 1132 butum
316 1086 353 1133 ei
373 1087 444 1133 ille
468 1087 686 1145 solvebat,
709 1105 796 1152 quo
813 1092 912 1149 jure
943 1086 1129 1133 diximus
1148 1085 1368 1132 haeredem
1388 1103 1513 1150 pres-

131 1155 278 1219 byteri
303 1158 520 1204 Honorati
552 1175 849 1205 successurum
885 1157 1043 1208 fuisse,
1082 1156 1116 1203 si
1154 1167 1387 1221 antequam
1421 1174 1509 1203 rem

132 1244 254 1273 suam
276 1229 344 1275 vel
364 1228 546 1276 donaret
563 1230 631 1277 vel
651 1229 878 1286 venderet,
905 1238 1157 1275 moreretur.
1186 1228 1448 1292 Quanquam
1466 1228 1513 1273 in

133 1299 230 1362 ipso
260 1300 466 1346 Ecclesiae
487 1305 585 1361 jure
608 1302 772 1348 Paulus
805 1300 1023 1366 apostolus
1047 1299 1191 1363 parcit
1209 1299 1445 1356 infirn1is3,
1472 1309 1515 1345 et

134 1369 334 1416 debitum
360 1372 624 1435 stipendium
646 1389 735 1418 non
760 1372 915 1432 exigit,
942 1380 1085 1417 certus
1108 1369 1369 1415 conscientia
1393 1368 1513 1434 quod

134 1442 370 1489 rectissime
405 1443 621 1504 exigeret:
651 1443 724 1489 sed
760 1443 874 1489 nihil
912 1441 1031 1488 aliud
1057 1458 1189 1504 quam
1225 1440 1513 1505 suspicionem

135 1512 332 1559 devitans
366 1513 534 1560 bonum
572 1514 739 1560 Christi
773 1513 952 1559 odorem
987 1513 1262 1569 turbantem,
1290 1522 1332 1557 et
1355 1511 1411 1557 ab
1439 1510 1514 1558 illa

135 1582 323 1644 maligna
348 1585 491 1648 specie
510 1602 595 1631 sese
618 1585 835 1631 abstinens
850 1621 861 1640 ,
884 1583 930 1629 in
948 1582 1006 1629 eis
1026 1581 1276 1643 regionibus
1290 1619 1301 1638 ,
1327 1582 1406 1628 ubi
1428 1581 1516 1628 hoc

136 1665 317 1701 noverat
335 1667 534 1719 oportere
552 1693 563 1712 ,
587 1666 629 1702 et
651 1656 761 1702 forte
786 1666 1018 1718 antequam
1045 1653 1263 1699 tristitiam
1282 1652 1515 1699 hominum

135 1723 283 1771 fuisset
298 1737 510 1790 expertus.
532 1727 615 1773 Sed
636 1744 713 1772 1105
733 1725 940 1772 tardiores
962 1723 1029 1771 vel
1043 1724 1206 1787 experti
1226 1723 1512 1783 corrigamus,

137 1795 257 1859 quod
280 1797 523 1860 praevidere
541 1797 789 1843 debuimus.

202 1868 278 1916 Vl.
305 1869 533 1914 Postremo
552 1869 653 1933 quia
673 1869 819 1915 omnia
840 1867 993 1924 timeo,
1016 1877 1056 1912 et
1072 1865 1247 1911 memini
1265 1866 1309 1911 in
1323 1864 1517 1926 digressu

137 1950 286 1985 nostro
317 1939 425 2004 quid
457 1941 735 2004 proposueris
753 1977 762 1995 ‚
790 1939 909 2003 quod
935 1956 1001 1984 me
1032 1938 1183 1983 fratres
1205 1937 1518 1997 Thagastenses

141 2019 314 2057 teneant
336 2011 580 2057 debitorem
601 2012 644 2057 in
667 2010 850 2057 dimidio
868 2009 982 2055 illius
1006 2008 1161 2072 pretii3
1186 2008 1219 2053 si
1243 2007 1329 2053 hoc
1348 2011 1517 2067 J'ustum

139 2097 226 2127 esse
244 2081 414 2146 liquido
431 2083 642 2146 perspicis
659 2118 668 2139 ‚
692 2099 741 2126 ea
755 2081 964 2126 duntaxat
982 2079 1232 2125 conditione
1249 2096 1335 2124 non
1350 2079 1515 2135 abnuo,

139 2162 187 2198 ut
211 2169 312 2198 cum
336 2153 534 2200 habuero
574 2153 780 2209 reddam,
807 2151 853 2197 id
885 2161 969 2207 est,
1011 2167 1111 2196 cum
1147 2148 1315 2212 aliquid
1347 2159 1520 2194 tantum

141 2224 367 2271 obvenerit
389 2226 663 2289 Hipponensi
687 2223 948 2270 monasterio
963 2259 973 2279 ,
1010 2222 1089 2268 ubi
1113 2221 1198 2267 hoc
1218 2221 1306 2266 sine
1324 2219 1521 2280 angustia

141 2295 234 2340 fieri
248 2296 385 2359 possit
402 2313 412 2341 ι
431 2307 480 2342 ut
497 2307 616 2342 tanta
631 2295 694 2341 ibi
709 2312 877 2341 summa
897 2294 1108 2348 detracta,
1129 2308 1216 2337 non
1230 2291 1372 2336 minus
1387 2307 1522 2354 quam

141 2366 322 2430 aequalis
340 2384 422 2432 pro
446 2384 627 2414 numero
649 2366 1001 2413 cohabitantium
1027 2380 1127 2428 pars
1147 2362 1200 2408 ad
1224 2372 1392 2409 nostros
1417 2378 1523 2425 per-

142 2449 302 2486 veniat.

191 2521 395 2563 ¹J0an.xv1‚
416 2535 467 2557 12.
485 2541 530 2548 —
547 2522 561 2546 ²
580 2520 695 2556 Matxh.
715 2522 923 2562 xv11‚26.·-
938 2517 952 2543 ³
972 2531 981 2551 x
1012 2520 1086 2552 Cor.
1106 2529 1151 2552 rx.
