1902 3268
679 328 891 359 EP1sr0LA
925 329 1054 359 cxxx.
1473 312 1564 375 487

258 394 396 442 XXX.
429 393 549 452 Quid
571 404 710 441 autem
732 394 775 439 in
794 393 881 439 hoc
897 394 1038 457 operis
1062 411 1211 454 genere
1234 394 1279 439 in
1297 393 1439 440 viduis
1458 395 1566 440 elec-

193 473 286 509 tum
309 475 399 520 est,
439 465 520 510 nisi
547 463 770 510 destitutio
802 474 844 509 et
879 464 1115 510 desolatio?
1147 465 1429 527 Quapropter
1464 465 1496 510 si
1522 482 1564 517 se

191 535 331 580 omnis
365 535 508 581 anima
541 535 750 595 intelligat
786 535 830 580 in
865 535 950 580 hoc
975 535 1134 581 saeculo
1161 535 1410 584 destitutam
1435 544 1564 597 atque

190 605 423 652 desolatam
466 606 662 669 quandiu
710 606 1008 669 peregrinatur
1047 624 1070 651 a
1106 606 1295 652 Domino
1310 643 1320 662 ‚
1368 606 1565 668 profecto

188 677 423 740 quamdam
445 677 699 722 viduitatem
724 694 843 722 suam
872 678 960 721 Deo
985 675 1196 722 defensori
1219 676 1388 721 assidua
1411 686 1453 720 et
1475 677 1564 721 im-

184 747 434 810 pensissima
466 747 717 810 precatione
751 746 1041 792 commendat.
1083 746 1173 791 Ora
1209 762 1310 805 ergo
1345 756 1394 790 ut
1429 745 1562 791 vidua

186 816 349 862 Christi
368 855 378 873 ‚
397 817 592 862 nondum
612 817 777 862 habens
791 820 881 876 ejus
900 826 1183 879 conspectum
1198 853 1209 871 ‚
1231 819 1356 876 cujus
1374 816 1564 878 precaris

185 887 404 934 auxilium.
433 888 485 932 Et
505 887 607 936 lieet
634 887 688 932 sis
720 886 931 932 ditissima
948 924 959 942 ,
989 887 1100 932 sicut
1121 903 1291 950 pauper
1310 903 1400 932 ora.
1434 887 1560 949 Nou-

182 956 289 1002 dum
315 957 429 1002 enim
461 973 581 1002 veras
604 955 741 1002 futuri
766 956 914 1002 saeculi
948 955 1279 1002 divitias'habes
1295 993 1305 1009 ‚
1337 955 1414 1000 ubi
1438 954 1558 1000 nulla

181 1026 339 1072 damna
361 1026 581 1073 formides.
612 1027 730 1072 Licet
756 1027 921 1073 habeas
942 1027 1053 1072 filios
1076 1037 1116 1073 et
1131 1037 1309 1090 nepotes
1325 1063 1334 1081 ‚
1362 1042 1563 1071 numero-

180 1113 358 1159 samque
379 1095 585 1142 familiam
604 1134 613 1151 ‚
639 1097 759 1160 quod
780 1109 821 1143 et
841 1114 972 1161 supra
999 1097 1168 1144 dietum
1191 1108 1275 1152 est,
1301 1097 1414 1142 sicut
1431 1095 1559 1142 deso-

179 1167 265 1212 lata
282 1183 379 1224 ora;
397 1167 560 1213 incerta
580 1179 680 1213 sunt
695 1169 807 1213 enim
826 1169 971 1214 omnia
994 1168 1265 1232 temporalia,
1284 1168 1412 1212 etiam
1428 1183 1564 1229 usque

178 1238 222 1282 in
247 1238 378 1282 finem
401 1238 501 1283 vitre
528 1238 659 1297 hujus
682 1238 726 1283 in
748 1249 936 1284 nostram
963 1238 1301 1284 consolationem
1343 1253 1557 1282 mansura.

179 1307 249 1352 Tu,
266 1318 408 1352 autem
435 1308 469 1352 si
493 1325 540 1353 ea
559 1325 658 1371 quae
678 1325 849 1354 sursum
868 1319 968 1354 sunt
986 1309 1144 1372 quaeris
1168 1319 1208 1354 et
1232 1308 1346 1370 sapis
1363 1344 1373 1363 ,
1402 1317 1563 1352 aeterna

175 1387 217 1422 et
241 1388 356 1422 certa
393 1376 606 1422 desideras
625 1413 636 1433 ‚
661 1394 762 1441 quae
795 1379 993 1441 quandiu
1026 1378 1225 1428 nondum
1262 1377 1399 1429 habes
1430 1376 1560 1421 etiam

173 1447 298 1493 salvis
320 1448 530 1493 omnibus
549 1459 678 1510 atque
699 1449 1042 1511 obsequentibus
1063 1449 1147 1494 tuis
1165 1486 1175 1503 ‚
1203 1458 1409 1510 tanquam
1428 1447 1558 1492 deso-

172 1516 304 1562 latam
338 1517 551 1580 deputare
587 1528 626 1563 te
659 1517 804 1565 debes.
835 1519 890 1563 Et
919 1519 952 1564 si
987 1529 1034 1564 tu
1053 1555 1064 1575 ‚
1097 1517 1297 1582 profecto
1321 1517 1450 1563 etiam
1475 1527 1550 1561 tuo

173 1587 366 1650 exemplo
391 1587 706 1647 religiosissima
726 1604 862 1633 nurus
893 1599 993 1644 tua,
1030 1599 1072 1634 et
1096 1588 1190 1633 aliae
1210 1597 1372 1632 sanctae
1406 1586 1554 1633 viduae

173 1657 444 1720 virginesque
465 1658 546 1702 sub
569 1667 706 1702 vestra
731 1674 834 1702 eura
865 1658 1055 1703 securius
1080 1657 1326 1703 constitutae
1348 1674 1358 1701 :
1386 1667 1553 1720 quanto

169 1727 283 1772 enim
306 1728 438 1787 magis
453 1727 634 1772 domum
651 1738 835 1774 vestram
854 1729 926 1791 pie
944 1729 1158 1782 tractatis;
1176 1738 1295 1773 tanto
1315 1726 1552 1790 impensius

169 1797 438 1842 orationibus
462 1797 619 1842 instare
654 1797 819 1842 debetis
839 1834 849 1853 ‚
866 1814 1027 1855 ⁴rerum
1053 1797 1336 1861 praesentium
1361 1813 1449 1850 non
1470 1813 1550 1841 oc-

168 1876 341 1929 cupatae
359 1868 563 1927 negotiis,
594 1867 675 1912 nisi
695 1884 794 1929 quae
821 1867 989 1928 flagitat
1014 1885 1141 1915 causa
1159 1867 1346 1931 pietatis,

231 1937 395 1982 XXXI.
425 1938 535 1982 Sane
562 1937 842 1982 memineritis
867 1948 908 1983 et
930 1955 1009 2002 pro
1029 1939 1156 1984 nobis
1177 1955 1264 1983 non
1285 1935 1549 1996 negligenter

166 2024 307 2054 orare.
332 2007 548 2054 Nolumus
571 2008 685 2053 enim
710 2007 771 2053 sie
796 2008 923 2054 nobis
943 2009 1156 2058 honorem
1175 2025 1304 2071 quem
1327 2007 1549 2070 periculo-

142 2071 259 2124 xsum
279 2079 465 2138 gerimus
486 2078 688 2124 deferatis
705 2113 717 2134 ,
742 2089 790 2124 ut
809 2079 1074 2138 adjutorium
1093 2117 1102 2135 ‚
1123 2079 1243 2144 quod
1263 2077 1548 2133 necessarium

163 2149 364 2195 novimus
383 2186 393 2204 ‚
432 2148 648 2194 auferatis.
683 2151 717 2199 A
754 2149 921 2196 familia
958 2151 1123 2196 Christi
1159 2160 1332 2203 oratum
1370 2158 1432 2213 est
1465 2165 1546 2211 pro

163 2219 294 2264 Petro
309 2255 320 2274 ,
341 2229 508 2264 oratum
530 2229 592 2263 est
614 2235 695 2281 pro
724 2219 911 2274 Paulo13
937 2231 978 2265 et
1002 2237 1077 2266 vos
1092 2221 1144 2276 *in
1169 2224 1259 2279 ejus
1277 2217 1444 2269 familia
1460 2235 1546 2273 ,esse

161 2288 421 2348 gaudemus,
439 2300 480 2334 et
498 2289 901 2351 incomparabiliter
920 2291 1020 2353 plus
1037 2307 1170 2354 quam
1190 2291 1346 2341 Petrus
1367 2300 1408 2336 et
1424 2288 1545 2342 Pau-

159 2359 227 2405 lus
241 2360 485 2406 orationum
506 2358 794 2405 fraternarum
815 2361 981 2406 auxiliis
1004 2361 1264 2422 indigemus,
1287 2360 1421 2413 ‚Orate
1444 2376 1542 2416 eer-

159 2430 283 2476 tatim
305 2429 515 2476 concordi
535 2441 770 2492 sanctoque
796 2432 1030 2479 certamine
1049 2450 1060 2477 2
1083 2449 1171 2481 non
1192 2431 1309 2482 enim
1332 2430 1535 2485 adversus

158 2500 415 2546 alterutrum
442 2500 634 2556 certatis,
667 2499 741 2545 sed
765 2500 967 2547 adversus
988 2502 1216 2548 diabolum
1244 2501 1413 2546 Sanctis
1433 2517 1534 2546 om-

156 2570 286 2616 nibus
308 2570 549 2618 inimicum.
588 2571 639 2616 In
657 2571 833 2631 jeiuniis
861 2582 903 2621 et
931 2573 1113 2634 vigiliis,
1138 2583 1179 2619 et
1204 2572 1322 2618 omni
1347 2571 1535 2631 castiga-

206 2654 217 2676 ¹
244 2655 316 2685 Act.
337 2665 405 2692 ιιι,
433 2655 462 2685 5.
