1902 3268
662 299 876 334 'Ens'rom
913 299 1043 331 cxxx.
1455 281 1541 343 [171

168 374 360 422 Pertinet
377 376 523 418 'tamen
548 368 602 417 ad
626 368 847 416 vidualem
867 380 1018 414 curam
1044 375 1164 412 tuam
1182 402 1192 420 ,
1226 362 1395 409 deliciae
1417 362 1451 408 si
1481 361 1548 407 af·-

168 439 332 500 fluant,
354 458 409 489 ne
432 454 626 505 apponas
649 456 743 494 cor,
767 456 819 485 ne
848 439 894 484 in
918 437 975 484 eis
1000 433 1291 500 putrescendo
1314 432 1542 488 moriatur,

170 512 290 632 guod
309 523 478 559 sursum
500 524 587 557 esse
604 509 734 557 debet
764 519 811 555 ut
834 508 963 555 vivat.
999 508 1061 552 Te
1085 505 1130 552 in
1150 504 1326 551 illorum
1359 514 1543 548 numero

184 591 403 650 'eputatm
431 581 485 629 de
502 581 663 646 quibus
679 581 892 644 scriptum
916 589 1004 625 est:
1030 599 1049 619 «
1068 577 1226 624 Vivent
1248 573 1381 621 corda
1400 588 1549 619 eorum

172 675 193 698 »
216 655 262 702 in
284 653 494 718 saeculum
519 651 709 700 saeculi1.
741 673 760 693 ›>

236 725 315 793 IX.
346 723 521 770 Audisti
533 723 672 787 qualis
682 739 792 779 ores,
807 738 924 767 nunc
937 719 1036 766 audi
1051 730 1092 765 et
1107 717 1216 782 quid
1230 733 1342 772 ores,
1357 714 1472 761 unde
1485 730 1553 759 me

171 795 355 842 maxime
366 793 680 841 consulendum
702 792 888 857 putasti,
902 790 1109 854 quoniam
1131 799 1172 834 te
1190 796 1416 852 permovet
1433 783 1554 847 quod

173 864 233 912 ait
266 863 501 929 Apostolus
534 881 546 909 z
575 886 595 906 «
611 862 732 920 Quid
755 862 871 909 enim
895 868 1066 907 oremus
1088 858 1200 906 sicut
1218 865 1389 922 oportet
1410 854 1555 900 nesci-

173 958 194 979 ι)
218 937 347 983 1111182
371 953 382 982 ε
408 958 428 979 »
462 941 504 982 et
536 933 716 981 timuisti
753 952 806 980 ne
836 931 972 993 magis
1015 930 1097 977 tibi
1136 930 1280 985 obsit,
1320 944 1407 974 non
1443 926 1556 971 sicut

173 1013 344 1071 oportet
361 1017 484 1052 orare
498 1043 509 1061 ‚
527 1022 660 1069 quam
674 1019 761 1051 non
779 1016 915 1050 orare.
941 999 1072 1059 Quod
1093 1001 1240 1063 itaque
1258 998 1347 1044 dici
1367 995 1558 1042 breviter

176 1076 349 1142 potest?
368 1074 458 1123 Ora
474 1076 646 1122 beatam
665 1075 815 1122 vitam.
845 1073 971 1119 Hanc
994 1071 1109 1117 enim
1131 1069 1294 1116 habore
1307 1083 1454 1113 omnes
1467 1065 1557 1111 ho-

175 1146 312 1208 mines
339 1146 509 1194 volunt.
551 1147 663 1192 Nam
695 1155 737 1191 et
770 1144 846 1209 qui
881 1142 1062 1207 pessime
1094 1151 1135 1186 et
1168 1137 1337 1204 perdite
1367 1137 1551 1189 vivunt,

175 1206 298 1264 nullo
309 1216 441 1263 modo
457 1217 516 1264 ita
537 1217 750 1271 viverent,
765 1214 847 1261 nisi
864 1213 1015 1260 eodem
1031 1211 1161 1258 modo
1173 1227 1215 1256 se
1238 1226 1324 1255 esse
1347 1206 1413 1254 vel
1429 1223 1555 1270 posse

178 1287 270 1334 fieri
292 1283 442 1334 beatos
471 1291 690 1351 putarent.
715 1285 836 1343 Quid
871 1296 970 1344 ergo
1002 1282 1119 1329 aliud
1148 1284 1320 1344 oportet
1343 1289 1384 1324 te
1404 1294 1551 1331 orare,

176 1358 260 1405 nisi
275 1354 322 1405 id
338 1357 458 1422 q'uod
479 1357 667 1421 cupiunt
689 1366 729 1402 et
750 1354 853 1401 mali
872 1365 913 1401 et
937 1353 1044 1400 boni
1061 1389 1072 1407 ,
1089 1351 1160 1398 sed
1185 1351 1237 1397 ad
1257 1347 1377 1414 quod
1398 1363 1557 1411 perve-

177 1429 306 1475 niunt
321 1427 493 1475 nonnisi
507 1427 643 1473 boni?

242 1492 299 1547 X.
334 1499 419 1545 Hic
435 1497 612 1544 fortasse
628 1500 717 1557 jam
743 1510 912 1558 quaeras
929 1530 939 1549 ,
968 1491 1075 1556 quid
1099 1491 1154 1536 sit
1176 1490 1268 1553 ipsa
1298 1489 1423 1534 beata
1446 1486 1550 1533 vita.

177 1565 229 1616 In
270 1581 357 1634 qua
387 1567 673 1633 quaestionem
707 1565 942 1611 multorum
979 1561 1347 1626 phllosophorum
1385 1558 1554 1616 ingenia

178 1640 351 1705 otiaque
370 1639 559 1686 contrita
583 1648 683 1684 sunt
700 1675 711 1694 ,
736 1637 813 1700 qui
837 1646 979 1681 tamen
1007 1651 1099 1679 eam
1124 1643 1243 1678 tanto
1268 1630 1410 1675 minus
1432 1629 1557 1673 inve-

179 1713 271 1759 nire
285 1718 524 1775 potuerunt
541 1747 551 1764 ‚
572 1718 738 1773 quanto
755 1707 897 1752 minus
919 1710 1010 1766 ejus
1026 1704 1188 1749 fontem
1208 1701 1552 1751 honoraverunt,

179 1783 305 1847 eique
328 1781 485 1842 gratias
512 1797 600 1826 non
619 1789 811 1839 egerunt.
850 1777 976 1822 Prius
1001 1775 1147 1837 itaque
1171 1771 1344 1818 attende
1362 1808 1372 1825 ‚
1407 1781 1554 1815 utrum

181 1851 543 1918 acquiescendum
565 1850 620 1896 sit
637 1850 719 1906 cis,
743 1849 818 1913 qui
844 1847 999 1893 dicunt
1022 1862 1120 1891 eum
1143 1844 1317 1889 beatum
1342 1858 1428 1887 esse
1445 1878 1455 1897 ‚
1481 1839 1558 1903 qui

181 1922 420 1972 secundum
436 1933 557 1968 suam
571 1921 680 1967 vivit
698 1920 981 1966 voluntatem.
1008 1915 1091 1961 Sed
1112 1914 1224 1960 absit
1241 1921 1288 1958 ut
1306 1913 1391 1958 hoc
1409 1926 1559 1957 verum

181 2003 269 2042 esse
286 1993 528 2041 credamus.
556 1991 677 2048 Quid
692 1991 725 2036 si
742 1991 855 2036 enim
874 1988 1071 2052 nequiter
1087 1985 1189 2031 velit
1207 1984 1381 2029 vivere?
1408 1982 1561 2027 Nonne

180 2072 305 2113 tanto
328 2064 522 2111 miserior
541 2072 629 2107 esse
646 2060 939 2114 convincitur,
964 2067 1128 2122 qutmto
1151 2055 1322 2101 facilius
1339 2052 1450 2097 mala
1471 2054 1507 2111 ej
1518 2067 1563 2096 us

182 2136 386 2182 voluntas
414 2133 648 2197 impletur?
683 2131 834 2176 Merito
867 2130 985 2175 hanc
1008 2126 1260 2173 sententiam
1294 2123 1421 2169 etiarn
1448 2121 1559 2184 ipsi,

183 2206 261 2271 qui
283 2205 373 2251 sine
399 2203 523 2250 cisstu
544 2202 622 2248 Dei
648 2200 953 2266 philosophati
983 2206 1109 2248 sunt.
1141 2203 1414 2258 respuerunt.
1451 2192 1562 2237 Nam

181 2275 363 2341 quidam
395 2288 546 2321 eorum
582 2273 650 2318 ‘vir
684 2270 1065 2335 eloquentissimus
1099 2268 1157 2313 ait
1189 2284 1198 2311 :
1227 2287 1246 2307 «
1274 2266 1385 2310 Ecce
1418 2273 1563 2308 autem

185 2345 257 2393 alii
273 2357 361 2392 non
384 2343 644 2408 philosophi
661 2342 837 2406 ‘q'flidem
855 2341 890 2390 3„
914 2339 985 2385 sed
1005 2337 1201 2402 prompti
1230 2345 1371 2380 tamon
1397 2333 1452 2379 atl
1470 2332 1563 2377 dis-

184 2415 458 2481 putandum,
486 2425 633 2459 onmes
660 2412 783 2457 aiunt
817 2428 904 2457 esso
929 2410 1079 2454 beatos
1116 2407 1190 2471 qui
1226 2406 1374 2451 vivant
1412 2413 1460 2449 ut
1483 2401 1565 2465 ipsi

188 2485 336 2532 velint.
366 2484 537 2530 Falsum
560 2483 604 2529 id
636 2481 812 2546 quidem
830 2519 840 2534 ,
865 2479 983 2525 Velle
1006 2479 1119 2524 enim
1142 2476 1260 2541 quod
1285 2492 1368 2521 non
1389 2474 1563 2526 deceat,

187 2555 461 2619 idemipsum
483 2553 768 2600 miserrimum
792 2562 803 2596 t
828 2567 906 2596 nec
931 2556 1017 2596 tam
1043 2549 1245 2594 miserum
1274 2556 1334 2591 cst
1359 2562 1445 2591 non
1470 2542 1569 2589 adi*

237 2640 248 2661 ¹
266 2635 349 2672 Psal.
364 2647 436 2680 xxx,
453 2647 509 2676 ²7-
526 2652 570 2660 -·-
585 2633 600 2656 ²
615 2636 707 2667 nom.
731 2644 802 2674 vm,
819 2634 872 2664 26.
889 2650 934 2656 -
950 2628 964 2653 3
980 2631 1092 2663 Cicero
1114 2630 1145 2662 in
1167 2628 1350 2662 Hortensio.
