1902 3268
608 325 821 357 EPISTOLA
857 327 1056 358 cxxxvu.
1432 317 1482 363 51
1505 333 1514 363 ι

149 391 314 439 factum
331 402 393 437 est
414 391 469 438 ad
497 389 747 437 liberandos
770 390 983 438 liomineS.
1016 392 1324 440 Verumtamen
1343 395 1530 441 duarum

149 477 292 509 rerum
320 461 680 525 incorporearum
717 461 965 506 commixtio
998 462 1166 508 facilius
1202 463 1319 509 credi
1343 464 1526 519 debuit,

153 548 287 596 quam
322 530 761 593 uniusincorporeae,
800 541 842 576 et
879 531 1053 577 alterius
1079 549 1318 595 corporeae.
1356 534 1467 578 Nam
1498 532 1530 578 si

152 603 296 649 anima
321 602 365 648 in
401 618 476 648 sua
501 611 655 647 natura
688 617 776 645 non
809 600 1012 678 fallatur,
1044 603 1343 665 incorpoream
1369 620 1410 648 se
1445 618 1531 648 esse

153 672 521 736 comprehendit.
560 671 700 717 multo
735 671 868 730 magis
897 672 1205 751 incorporeum
1244 683 1305 718 est
1345 673 1532 718 Verbum

154 744 252 800 Dei,
279 760 329 790 ac
361 761 438 807 pei
460 744 547 789 hoc
571 742 703 788 Verbi
729 742 804 788 Dei
845 753 887 787 et
925 745 1080 788 animae
1099 743 1355 788 ciedibilioi
1380 743 1532 788 debuit

154 831 241 860 esse
258 814 522 894 ‘permixtim
542 830 674 879 quam
704 812 859 858 animae
877 824 919 859 et
939 813 1149 876 corporis.
1183 813 1266 858 Sed
1291 813 1437 858 hocin
1460 829 1536 858 no-

158 884 265 930 bis
254 885 359 948 ipsis
393 885 675 948 experimur:
702 882 853 928 illud
843 900 887 928 in
910 891 942 928 t
947 882 1084 928 bristo
1109 881 1282 927 credere
1304 883 1530 942 jubemur

158 955 203 1001 Si
224 965 366 1001 autem
393 966 630 1018 utrumque
647 954 774 999 nobis
793 954 951 1016 pariter
977 953 1248 1016 inexpertum
1266 953 1536 1000 credendum

156 1025 486 1089 praeciperetur,
519 1024 628 1087 quid
645 1024 806 1069 horum
825 1024 952 1069 citius
970 1023 1276 1069 crederemus?
1298 1024 1534 1080 Quomodo

157 1113 244 1142 non
268 1095 502 1142 fateremur
529 1095 616 1141 duo
637 1095 912 1157 incorporea,
947 1111 1077 1157 quam
1106 1111 1240 1140 unum
1280 1111 1542 1157 corporeum

159 1166 428 1232 alterumque
447 1167 755 1229 incorporeum
781 1164 950 1211 facilius
974 1165 1164 1228 potuisse
1190 1165 1389 1212 misceri?
1416 1165 1449 1210 si
1475 1176 1536 1211 ta-

160 1255 259 1284 men
291 1255 378 1283 non
408 1237 586 1297 indigne
619 1236 674 1282 ad
705 1236 782 1281 ista
825 1236 1040 1281 mixtionis
1064 1235 1131 1281 vel
1155 1236 1353 1281 mixturae
1384 1253 1538 1281 nomen

161 1307 424 1363 admittitur,
453 1317 635 1371 propter
660 1306 1016 1352 consuetudinem
1049 1306 1346 1369 corporalium
1375 1323 1534 1363 rerum,

161 1377 288 1438 longe
314 1377 435 1423 aliter
453 1395 495 1423 se
512 1376 772 1423 habentium
803 1376 1010 1439 aliterque
1036 1387 1253 1424 notarum.

224 1449 327 1495 XII.
370 1447 564 1494 Verbum
598 1447 732 1506 igitur
774 1447 851 1492 Dei
883 1447 1087 1510 idemque
1129 1448 1206 1492 Dei
1239 1447 1390 1503 Filius,
1413 1449 1538 1494 Patri

162 1529 421 1574 coaeternus,
440 1518 676 1581 eademque
699 1518 844 1564 Virtus
861 1527 901 1563 et
916 1518 1140 1581 Sapientia
1159 1518 1281 1571 Dete,
1306 1536 1328 1563 a
1353 1536 1540 1582 superno

163 1590 250 1635 fine
295 1600 508 1635 creaturae
548 1588 769 1634 rationalis
794 1604 928 1651 usque
949 1588 1002 1633 ad
1027 1589 1226 1634 infimum
1252 1590 1383 1635 finem
1415 1606 1539 1635 crea-

165 1671 275 1708 turae
314 1660 553 1724 corporalis
583 1661 793 1720 attingens
831 1660 1027 1715 fortiter,
1055 1670 1097 1705 et
1131 1659 1364 1723 disponens
1393 1661 1538 1706 omnia

165 1731 354 1778 suaviter
379 1732 415 1788 2,
445 1748 635 1795 praesens
660 1741 702 1776 et
729 1731 865 1777 latens
883 1768 893 1787 ,
925 1748 1139 1794 nusquam
1162 1731 1386 1786 conclusa,
1431 1748 1538 1777 nus-

170 1817 303 1867 quam
327 1802 522 1859 discissa,
559 1819 774 1866 nusquam
814 1801 999 1857 tumida,
1021 1801 1095 1847 sed
1129 1802 1218 1847 sine
1239 1801 1348 1847 mole
1372 1802 1535 1865 ubique

170 1883 278 1929 tota,
303 1872 432 1933 longe
457 1872 539 1919 alio
569 1873 701 1919 modo
732 1872 949 1937 quodam,
983 1889 1116 1935 quam
1151 1889 1200 1917 eo
1220 1889 1307 1935 quo
1333 1873 1539 1918 creaturis

167 1943 335 1989 caeteris
348 1943 684 2007 adest‚suscepit
703 1943 945 1999 hominem,
967 1959 1096 2006 seque
1128 1953 1170 1988 et
1189 1943 1263 1988 illo
1282 1943 1382 1988 fecit
1407 1959 1542 1989 unum

168 2012 316 2059 Jesum
335 2013 578 2067 Christum,
599 2013 879 2060 mediatorem
904 2013 981 2058 Dei
1005 2024 1047 2058 et
1071 2013 1302 2058 hominum
1328 2013 1364 2067 ³,
1388 2030 1540 2076 aequa-

168 2083 254 2130 lem
276 2085 398 2130 Patri
417 2084 657 2131 secundum
683 2085 955 2130 divinitatem
973 2121 984 2140 ,
1008 2085 1217 2130 minorem
1246 2095 1385 2130 autem
1416 2086 1545 2130 Patre

169 2154 410 2201 secundum
431 2172 623 2211 carnem,
644 2156 728 2201 hoe
748 2166 810 2200 est
839 2154 1078 2201 secundum
1102 2155 1351 2207 hominem3
1377 2154 1546 2199 incom-

170 2224 442 2270 mutabiliter
464 2224 754 2270 immortalem
783 2225 1022 2271 secundum
1049 2224 1262 2287 aequalem
1288 2224 1405 2269 Patri
1427 2224 1544 2270 divi-

164 2293 368 2351 nitatem,
399 2294 687 2359 eumdemque
711 2295 1051 2358 mutabilemque
1073 2306 1199 2357 atque
1223 2294 1446 2339 mortalem
1485 2311 1548 2340 se·

172 2364 367 2410 eundum
389 2376 618 2425 cognatam
643 2365 769 2411 nobis
800 2366 1112 2411 infirmitatem.
1140 2366 1190 2409 ln
1209 2381 1297 2428 quo
1311 2365 1487 2410 Christo
1499 2381 1550 2410 eo

172 2445 388 2499 tempore,
411 2435 531 2500 quod
553 2436 970 2499 opportunissimum
1010 2436 1101 2499 ipse
1140 2447 1343 2492 noverat,
1380 2446 1421 2482 et
1456 2447 1553 2482 ante

172 2504 330 2552 saeeuta
358 2506 645 2570 disposuerat,
673 2507 789 2553 venit
807 2506 1060 2553 hominibus
1090 2507 1382 2568 magisterium
1403 2518 1443 2554 et
1471 2507 1551 2554 ad-

223 2616 234 2638 ¹
260 2628 271 2648 x
291 2618 366 2649 Cor.
390 2631 417 2658 1,
436 2624 491 2656 ²4.
510 2636 556 2644 —
575 2616 591 2640 ²
610 2621 682 2662 Sap.
702 2629 772 2660 vm,
792 2630 822 2651 x.
837 2637 881 2643 -—
898 2616 911 2641 3
931 2630 946 2650 1
967 2619 1048 2651 Tim.
1067 2630 1103 2663 η,
1126 2619 1145 2649 5
