1902 3268
338 279 430 328 508
741 296 773 326 s.
819 295 1063 327 AUGUSTINI
1103 295 1305 327 EPISCOPI

335 359 414 408 dit.
442 359 574 407 Adest
589 370 731 407 tamen
756 362 841 406 sive
859 361 1079 407 occultum
1101 362 1186 407 sive
1205 362 1497 420 manifestum,
1519 363 1714 411 sicutlux

338 431 456 477 adest
481 432 617 478 oculis
642 443 684 477 et
706 431 891 478 videntis
912 442 953 477 et
977 431 1082 477 caeci
1115 449 1124 475 :
1161 432 1233 478 sed
1267 433 1430 479 videnti
1455 434 1572 480 adest
1591 452 1713 498 prae-

338 520 447 559 sens,
467 520 584 549 caeco
599 520 700 550 vero
720 503 883 549 absens,
914 502 1044 548 Adest
1064 514 1106 547 et
1129 520 1207 548 vox
1226 504 1504 551 audientibus
1523 507 1718 561 auribus,

341 573 460 619 adest
477 574 605 619 etiam
620 573 759 619 surdis
781 591 790 617 :
815 573 887 618 sed
905 573 989 618 illis
1012 583 1149 636 patet,
1168 574 1266 618 istas
1291 573 1406 621 latet.
1436 575 1555 631 Quid
1573 586 1715 621 autem

337 644 578 689 mirabilius
603 661 733 707 quam
753 643 796 689 id
825 643 943 708 quod
970 644 1131 689 accidit
1166 645 1210 689 in
1234 645 1414 691 vocibus
1439 647 1594 692 nostris
1618 664 1716 692 ver-

338 714 492 778 bisque
517 715 790 771 sonanffibus,
816 715 859 759 in
886 731 930 759 re
945 714 1107 759 scilicet
1128 715 1286 778 raptim
1308 716 1582 761 transitoria?
1605 718 1718 762 Cum

336 785 450 830 enini
483 785 722 849 loquimur,
749 804 802 831 ne
822 784 1025 831 secundae
1062 786 1238 848 quidem
1264 786 1445 848 syllabae
1479 786 1601 832 locus
1636 798 1714 843 est,

337 856 417 901 nisi
434 857 577 919 prima
595 874 743 902 sonare
763 856 998 902 destiterit:
1027 866 1069 901 et
1095 867 1236 902 tamen
1257 860 1290 902 si
1316 874 1427 902 unus
1451 856 1561 902 adsit
1587 857 1719 902 audi-

338 936 421 982 tor,
440 937 579 972 totum
597 927 719 972 audit
736 928 854 990 quod
878 926 1065 972 dicimus
1085 946 1094 979 ;
1122 937 1161 972 et
1182 928 1215 972 si
1236 927 1323 972 duo
1349 926 1508 983 adsint,
1530 937 1721 972 tantum-

333 995 431 1041 dem
472 997 602 1042 ambo
634 997 842 1052 audiunt,
883 999 1001 1060 quo]
1028 1008 1070 1041 et
1107 997 1284 1056 singulis
1332 1008 1471 1042 totuin
1495 1008 1587 1042 est:
1614 1007 1656 1042 et
1685 996 1719 1041 si

337 1066 486 1112 audiat
501 1067 738 1113 multitudo
766 1067 909 1123 silens,
942 1085 1029 1112 non
1051 1068 1166 1112 inter
1194 1085 1235 1113 se
1264 1068 1561 1130 particulatim
1594 1085 1720 1113 com-

332 1137 539 1183 minuunt
564 1155 688 1183 sonos
709 1149 915 1201 tanquam
950 1139 1088 1194 cibos,
1122 1137 1194 1183 scd
1236 1154 1362 1182 omne
1393 1138 1513 1201 quod
1538 1149 1661 1183 sonat
1679 1148 1718 1183 et

337 1209 541 1254 omnibus
577 1220 717 1255 totum
736 1220 815 1265 est,
838 1221 879 1254 et
900 1209 1079 1269 singulis
1103 1219 1255 1255 totum.
1282 1210 1525 1269 Ita-nejam
1551 1225 1638 1253 non
1660 1208 1717 1253 il-

334 1278 409 1324 lud
434 1290 496 1324 est
520 1281 666 1343 potius
705 1280 979 1335 incredil)ile‚
1013 1281 1047 1325 si
1078 1280 1260 1325 verbum
1286 1279 1476 1324 hominis
1508 1279 1717 1324 transiens

335 1349 455 1414 quod
474 1351 648 1397 exhibet
672 1351 863 1398 auribus.
891 1351 1085 1396 Verbum
1115 1351 1192 1396 Dei
1210 1367 1467 1413 permanens
1484 1367 1571 1395 non
1591 1349 1715 1394 exhi-

335 1420 456 1466 beret
475 1422 621 1477 rebus,
641 1433 688 1467 ut
706 1421 1078 1486 quemadmodum
1114 1422 1200 1467 hoc
1228 1421 1355 1466 simul
1377 1420 1556 1466 auditur
1582 1437 1605 1465 a
1626 1420 1718 1465 sin-

335 1490 445 1550 gulis
466 1491 595 1537 etiam
613 1503 771 1548 totum,
793 1495 851 1538 ita
872 1492 981 1538 illud
1007 1492 1135 1537 simul
1155 1492 1319 1554 ubique
1342 1492 1396 1536 sit
1420 1502 1577 1536 totum.

399 1562 520 1609 Vlll.
550 1564 648 1608 Non
670 1564 816 1627 itaque
842 1563 1122 1609 metuendum
1149 1573 1209 1608 est
1232 1562 1543 1625 corpusculum
1566 1562 1715 1607 infan-

334 1631 424 1687 tiae,
448 1649 500 1677 ne
517 1633 561 1677 in
578 1633 653 1678 illo
676 1644 815 1679 tantas
838 1634 950 1679 Deus
978 1634 1200 1692 angustias
1226 1649 1378 1695 passus
1400 1649 1486 1677 esse
1500 1632 1712 1678 videatur.

334 1702 484 1765 Neque
505 1704 619 1748 enim
663 1704 774 1749 mole
790 1741 800 1760 ,
847 1704 920 1749 sed
962 1704 1126 1750 virtute
1153 1719 1333 1763 magnus
1373 1713 1435 1748 est
1475 1704 1615 1756 Deus;
1643 1703 1718 1766 qui

332 1772 607 1835 providentia
636 1792 712 1820 sua
744 1775 964 1820 meliorem
1001 1792 1169 1820 sensum
1197 1773 1439 1819 formiculis
1475 1785 1515 1818 et
1537 1773 1720 1836 apiculis

333 1843 454 1889 dedit
471 1862 601 1908 quam
624 1846 750 1892 asinis
779 1858 819 1891 et
854 1846 1028 1892 camelis
1053 1864 1062 1891 ι
1103 1846 1178 1909 qui
1202 1863 1248 1890 ex
1272 1862 1404 1904 grano
1427 1845 1719 1890 minutissimo

333 1915 505 1961 seminis
546 1926 709 1961 tantam
743 1917 943 1963 ficulneae
990 1917 1157 1962 arboris
1198 1915 1543 1975 magnitudinem
1583 1925 1713 1970 creat,

334 2001 436 2030 cum
450 2003 497 2031 ex
523 1986 662 2032 multo
689 1988 927 2049 majoribus
963 1987 1202 2033 seminibus
1226 1986 1353 2044 longe
1390 1985 1557 2031 minora
1585 1985 1718 2029 multa

333 2067 594 2102 nascantur:
620 2058 696 2122 qui
734 2059 951 2122 pupillam
973 2069 1059 2103 tam
1084 2074 1265 2121 parvam
1288 2056 1443 2101 ditavit
1477 2056 1586 2111 acie,
1630 2073 1718 2118 qua

330 2144 409 2189 per
423 2128 571 2173 oculos
585 2129 812 2184 emicante,
832 2130 876 2174 in
906 2129 997 2174 ictu
1023 2129 1229 2192 temporis
1249 2127 1411 2173 coelum
1433 2144 1572 2189 prope
1588 2126 1717 2171 dimi-

332 2196 456 2243 dium
481 2198 736 2245 lustraretur
758 2201 929 2264 :quiex
955 2211 1121 2264 puncto
1147 2210 1190 2245 et
1208 2198 1332 2261 quasi
1362 2208 1511 2242 centro
1530 2197 1715 2250 cerebri,

332 2284 478 2313 sensus
502 2286 649 2315 omnes
669 2271 867 2333 quinaria
889 2271 1198 2316 distributione
1219 2268 1429 2314 ditl'undit
1450 2285 1460 2312 :
1479 2268 1555 2330 qui
1582 2266 1714 2312 corde

333 2340 531 2385 membro
562 2351 649 2386 tarn
677 2341 826 2401 exiguo
852 2341 1027 2387 vitalem
1049 2351 1213 2385 motum
1242 2356 1319 2402 per
1340 2341 1536 2400 corporis
1558 2348 1717 2383 cuncta

333 2410 583 2473 dispensat:
613 2412 680 2457 his
716 2424 844 2475 atque
862 2411 1116 2472 hujusmodi
1151 2411 1280 2456 rebus
1303 2410 1526 2454 insinuans
1562 2425 1718 2467 magna

333 2481 386 2527 de
411 2482 618 2535 minimis,
637 2484 817 2546 quinon
838 2495 897 2529 est
913 2501 1075 2547 parvus
1093 2484 1136 2528 in
1151 2481 1310 2545 parvis.
1335 2482 1433 2543 lpsa
1459 2481 1572 2525 euim
1599 2496 1718 2538 mag-

336 2551 492 2598 nitudo
519 2552 686 2599 virtutis
719 2555 753 2615 e]
765 2571 827 2609 us,
853 2571 953 2617 quae
978 2553 1117 2600 nullas
1138 2554 1179 2599 in
1203 2562 1385 2612 angusto
1407 2550 1533 2596 sentit
1556 2566 1718 2610 angus-
