1902 3268
669 320 1029 355 ANNoTArioNEs.
1442 311 1528 370 541

163 386 208 434 in
227 387 489 436 Mauritania
512 389 763 437 Caesariensi
779 426 789 446 ‚
825 390 885 435 uti
908 407 954 436 ex
975 390 1114 453 Epist.
1144 391 1219 453 93.
1248 391 1502 452 intelligitur
1519 431 1531 450 ‚

162 458 378 522 episcopi:
405 459 482 524 qui
518 459 620 505 olim
653 476 754 505 cum
789 479 810 506 a
842 460 1078 506 Donatistis
1113 459 1362 518 defecisset,
1397 462 1533 509 multa

162 529 318 574 acerba
351 530 406 575 ab
427 530 530 594 ipsis
550 547 699 594 passus
724 541 786 576 est
807 568 817 586 ‚
840 534 1021 590 juvante
1041 547 1189 577 eorum
1223 542 1368 595 partes
1388 533 1532 579 Firmo

160 601 366 661 Tyranno
379 599 578 646 Gildonis
595 600 740 648 fratre.
757 601 883 647 Unde
907 601 1225 661 Augustinusin
1241 601 1319 649 lib.
1338 619 1386 650 ιι.
1407 614 1525 651 cont.

158 668 240 717 litt.
268 670 467 716 Petiliani
490 688 528 718 c.
557 672 600 719 3.
626 672 764 717 Bello
786 709 796 724 ,
835 676 1078 717 Fzrtm'ano
1098 690 1208 736 quoe
1226 691 1257 718 α
1276 674 1407 719 vobis
1434 678 1529 719 Ro-

152 750 296 802 gatus
319 744 520 786 Maurus
530 742 760 805 pertulit,
789 744 894 805 ipsa
920 746 1194 788 Mauritmm
1226 746 1530 789 Ccesarlensis

158 811 478 873 interrogetur.

512 961 769 994 ANNOTArro
807 944 906 1010 (17)
942 962 1040 1008 pag.
1089 944 1190 1002 ¹40·

220 1077 322 1123 Erat
360 1076 431 1123 ille
471 1078 664 1125 Casensis
699 1078 918 1139 Nigrensis
958 1077 1000 1123 in
1044 1077 1251 1123 Numidia
1292 1078 1525 1144 episcopus

153 1158 280 1194 aetate
304 1147 500 1211 superior
521 1158 625 1193 tunc
657 1148 863 1210 temporis
883 1185 893 1205 ,
927 1162 969 1192 et
994 1152 1182 1210 primas
1205 1147 1349 1193 dictus
1367 1157 1525 1213 partis

156 1222 342 1263 Donati.
382 1219 432 1263 ln
471 1217 654 1264 Possidii
693 1217 894 1263 Indiculo
928 1235 967 1263 c.
1010 1219 1053 1264 3.
1097 1218 1174 1280 qui
1210 1219 1253 1263 in
1290 1219 1524 1278 Bagaitano

149 1287 327 1351 quidem
363 1288 542 1334 consilio
573 1288 673 1333 anni
706 1288 813 1349 394.
855 1288 1107 1332 nominatur
1137 1288 1293 1351 quinto
1317 1288 1411 1333 loco
1439 1307 1447 1334 :
1481 1302 1525 1335 at

148 1357 192 1403 in
233 1358 565 1419 Carthaginensi
594 1358 824 1404 collatione
855 1369 953 1404 ante
990 1357 1259 1404 Primianum
1286 1359 1522 1422 ipsummet

148 1427 399 1477 subscribit.

508 1572 764 1603 ANNOTATIO
802 1555 901 1620 (18)
936 1573 1036 1619 pag.
1085 1558 1186 1613 ¹4¹·

211 1677 350 1724 Hasce
378 1688 501 1724 notas
524 1677 764 1741 praeferunt
789 1677 917 1724 MSS.
948 1693 1103 1740 easque
1127 1677 1414 1723 Gervasianus
1449 1695 1520 1723 co·

144 1747 220 1794 dex
244 1750 297 1795 ad
324 1749 559 1809 marginem
582 1750 905 1812 interpretatur.
938 1751 1160 1809 Auguslo
1190 1750 1511 1796 Constantino,

143 1818 224 1866 Cui
261 1820 607 1883 interpretationi
638 1818 753 1865 favet
785 1819 834 1866 V.
880 1824 929 1865 C.
961 1819 1176 1864 Heni-icus
1212 1818 1404 1864 Valesius
1435 1820 1517 1864 hac

141 1889 290 1935 eadem
314 1890 516 1936 relatione
533 1889 647 1935 edita
670 1906 769 1936 cum
788 1888 1043 1949 hujusmodi
1069 1889 1371 1952 inscriptione,
1397 1894 1516 1935 (Jon-

139 1963 346 2006 stante'no
369 1965 591 2006 Maximo
628 1963 842 2023 Augusto
866 1961 915 2005 A
920 1959 1134 2014 rudinus,
1157 1969 1238 2005 etc.
1267 1961 1322 2004 At
1340 1959 1382 2004 in
1403 1964 1514 2004 (Iar-

141 2029 385 2091 thaginensi
408 2030 638 2077 collatione
662 2032 707 2077 3.
746 2047 789 2077 n.
829 2030 934 2076 216.
965 2029 1250 2085 inscribitur,
1285 2031 1514 2090 Augustels·

139 2104 308 2147 nostris
326 2121 343 2156 ,·
371 2101 538 2148 fortean
576 2100 848 2164 exscriptoris
879 2115 1036 2145 errore.
1084 2099 1264 2162 Quippe
1299 2100 1511 2143 Constan—

139 2173 230 2217 tino
253 2173 317 2216 ΠΙ
339 2172 533 2226 consule,
550 2171 595 2217 id
612 2182 692 2227 est,
720 2188 833 2217 anno
859 2169 1021 2216 Christi
1039 2170 1147 2216 313.
1171 2186 1259 2232 quo
1274 2167 1420 2214 relatio
1440 2168 1513 2213 illa

137 2242 299 2305 scripta
332 2252 417 2296 est,
454 2241 732 2304 imperabant
764 2240 944 2299 Augusti
977 2239 1066 2284 duo
1087 2276 1096 2292 ,
1127 2239 1436 2283 Constantinus
1470 2250 1511 2281 et

139 2312 359 2366 Licinius,
393 2329 480 2357 non
516 2321 623 2366 tres,
669 2321 716 2355 ut
749 2311 797 2355 iis
846 2311 958 2355 notis
1001 2307 1413 2367 subintelligendum
1451 2309 1510 2352 vi-

135 2380 323 2428 deretur.

540 2511 798 2543 ANNoTArxo
842 2494 942 2557 (¹9)
980 2493 1089 2540 ibid.

198 2619 337 2679 Editi‚
372 2636 498 2666 nunc
528 2612 804 2683 proconsicl.
851 2615 935 2662 Sed
971 2615 1122 2663 melius
1150 2615 1276 2663 MSS.
1319 2625 1360 2661 et
1384 2612 1507 2661 Vale-
