1902 3268
623 282 835 313 rwxsrom
871 282 1021 313 cxxvi.
1428 269 1519 334 437

149 362 310 412 copum
329 364 415 394 non
440 346 652 394 haberent
671 367 682 400 3
704 346 757 392 ad
787 357 926 392 nostra
952 346 1172 400 subsellia,
1201 348 1348 395 relicta
1369 351 1523 405 turba,

148 419 376 466 redieram.
411 421 521 465 Tum
548 419 609 464 illi
637 418 954 481 aliquantulum
979 420 1200 482 inopinata
1229 438 1316 464 nica
1341 438 1528 482 respon-

149 490 266 536 sione
287 490 482 535 cunctati
513 501 641 553 atque
660 490 841 542 turbati,
870 489 987 534 velut
1015 490 1186 535 ssamma
1211 503 1337 535 venio
1367 491 1525 553 paulu-

147 559 237 605 lum
267 577 430 624 pressa,
457 559 613 606 deinde
652 571 883 623 coeperunt
907 561 1042 605 multo
1084 560 1302 606 ardentius
1327 562 1521 610 excitari.

148 631 435 677 existimantes
459 632 547 677 sieri
570 649 706 694 posse,
736 643 781 676 ut
817 631 881 676 vel
917 632 1022 676 mihi
1059 642 1381 695 extorqueretur
1418 632 1524 678 illud

149 719 236 747 non
260 718 426 747 servare
445 704 727 765 promissum,
758 702 820 747 vel
862 720 927 746 mc
954 713 1121 746 tenente
1158 704 1354 765 promissi
1376 704 1524 759 fidem,

151 773 207 818 ab
226 771 309 817 alio
337 773 543 836 episcopo
569 774 857 818 ordinaretur.
882 773 1090 817 Dicebam
1116 790 1193 832 ego
1220 774 1381 835 quibus
1400 785 1529 836 pote-

149 860 260 896 ram,
290 845 365 906 qui
383 843 434 888 ad
454 861 530 888 nos
547 844 589 888 in
607 843 800 888 absidem
828 842 1144 893 honoratiores,
1166 853 1207 887 et
1224 844 1437 903 graviores
1456 862 1518 889 as-

150 912 403 967 cenderant,
428 931 506 958 nec
532 933 550 959 a
576 913 774 977 promissi
792 913 876 958 tide
895 930 1098 975 meposse
1118 913 1346 968 dimoveri,
1372 932 1448 960 nce
1473 915 1528 959 ab

152 982 236 1029 alio
249 984 515 1047 episcopoin
533 984 725 1030 Ecclesia
746 984 855 1028 mihi
874 983 1049 1035 tradita,
1075 984 1152 1029 nisi
1175 1002 1240 1029 me
1265 986 1527 1045 interrogato

151 1071 199 1099 ac
222 1055 502 1117 permittente
519 1092 529 1110 ‚
560 1072 682 1118 posse
706 1054 898 1100 ordinari
932 1072 941 1099 ε
967 1055 1086 1117 quod
1107 1055 1140 1100 si
1168 1056 1478 1119 permitterem,
1505 1074 1527 1101 a

150 1123 236 1170 fide
280 1124 568 1170 nibilominus
599 1125 831 1170 deviarem.
866 1124 1091 1170 Addebam
1132 1126 1277 1172 etiam.
1309 1125 1419 1171 nihil
1458 1144 1529 1172 cos

151 1194 276 1249 velle,
313 1196 345 1240 si
367 1195 644 1241 ordinaretur
667 1196 843 1248 invitus.v
884 1196 964 1241 nisi
990 1206 1038 1240 ut
1072 1195 1293 1242 ordinatus
1318 1195 1527 1241 abscede-

150 1276 228 1311 ret.
253 1264 322 1311 Illi
336 1266 423 1312 boc
442 1283 565 1330 posse
584 1267 675 1312 fieri
699 1283 784 1311 non
798 1265 1049 1312 credebant.
1070 1266 1311 1312 Multitudo
1331 1283 1430 1312 vero
1448 1284 1528 1330 pro

151 1336 359 1396 gradibus
386 1339 638 1392 constituta,
668 1337 887 1383 horrendo
927 1348 969 1382 et
989 1339 1406 1400 perseverantissimo
1435 1339 1531 1384 cla-

152 1424 323 1452 morum
358 1407 530 1454 fremitu
550 1409 595 1454 iu
620 1408 768 1454 eadem
801 1408 1024 1454 voluntate
1053 1409 1298 1471 persistens,
1342 1409 1527 1454 incertos

152 1479 286 1523 animi
311 1479 567 1542 consiliique
589 1479 792 1525 faciebat.
840 1480 965 1524 Tunc
1006 1478 1080 1524 illa
1109 1479 1154 1523 in
1184 1479 1362 1524 fratrem
1383 1496 1526 1525 meum

151 1548 330 1608 indigna.
354 1549 679 1605 clamabantur,
707 1561 812 1596 tunc
837 1569 859 1596 a
876 1550 1002 1596 nobis
1020 1549 1224 1610 graviora*
1237 1550 1519 1597 timebantur.

218 1620 276 1666 ll.
301 1619 386 1665 Sed
405 1621 604 1684 quamvis
628 1632 748 1666 tanto
767 1631 889 1667 motu
906 1620 1063 1684 populi
1088 1631 1127 1665 et
1151 1631 1268 1666 tanta
1294 1621 1525 1683 perturba—

151 1689 267 1735 tione
291 1690 493 1736 Ecclesiae
521 1709 815 1755 permoverer,
846 1708 925 1736 nec
968 1690 1087 1736 aliud
1126 1691 1435 1754 constipationi
1460 1691 1524 1737 illi

151 1762 348 1810 dixissem
364 1763 444 1809 nisi
460 1779 560 1808 eum
577 1780 644 1808 me
659 1763 846 1808 invitum
859 1761 1059 1807 ordinare
1076 1779 1160 1807 uon
1186 1779 1309 1824 posse
1326 1780 1336 1807 ε
1361 1779 1440 1808 nec
1460 1762 1520 1807 sic

151 1846 296 1882 tamen
316 1834 532 1882 adductus
556 1852 650 1880 sum
669 1872 678 1885 ,
710 1834 812 1898 quia
840 1834 991 1880 et·hoc
1027 1834 1307 1897 promiseram
1348 1851 1435 1880 non
1455 1852 1524 1881 me

149 1906 298 1953 fuissse
318 1906 554 1954 facturum.
578 1916 626 1951 ut
641 1905 803 1969 aliquid
831 1904 939 1950 eide
955 1903 1231 1967 suspiciendo
1256 1904 1526 1968 presbyterio

148 1977 370 2024 suaderem
397 1994 409 2022 t
431 1976 550 2041 quod
571 1977 604 2022 si
619 1975 874 2040 persuadere
896 1975 1132 2039 potuissem
1148 2011 1158 2027 ,
1186 1991 1272 2019 non
1292 1978 1381 2034 jam
1402 1974 1522 2020 ordi-

151 2059 328 2094 naretur
340 2048 515 2095 invitus.
536 2048 711 2094 Servavi
728 2047 954 2111 utriusque
964 2044 1258 2110 promissionis
1272 2045 1420 2103 fidem,
1440 2063 1526 2092 non

152 2119 291 2164 solum
313 2119 429 2165 illius
448 2137 579 2183 quarn
595 2123 687 2180 jam
705 2118 874 2183 populo
898 2117 1182 2181 patefeceram
1201 2136 1212 2170 ;
1241 2118 1522 2164 verumetiam

152 2189 266 2236 illius
283 2191 329 2236 in
346 2207 432 2254 qua
456 2208 543 2237 uno
569 2201 689 2245 teste,
716 2201 929 2254 quantum
951 2188 1006 2234 ad
1036 2187 1234 2233 homines
1257 2187 1425 2241 attinet,
1443 2188 1524 2234 de-

153 2262 335 2310 tinebat.
368 2263 564 2317 Servavi,
591 2263 789 2326 inquam,
833 2262 961 2308 fidem
1005 2259 1316 2324 promissionis,
1351 2277 1436 2306 non
1457 2264 1528 2321 ju-

152 2333 349 2381 rationis.
372 2335 416 2381 in
436 2344 556 2380 tanto
570 2333 766 2397 periculo
785 2350 795 2378 ε
816 2331 936 2397 quod
961 2331 1063 2377 licet
1085 2329 1208 2384 falso,
1239 2329 1353 2375 sicut
1377 2342 1527 2393 postea

153 2407 462 2472 comperimus,
488 2403 1008 2458 metuebatur30mnibus
1034 2412 1195 2456 tamen,
1215 2400 1248 2446 si
1266 2400 1383 2465 quod
1399 2412 1523 2458 esset,

155 2477 446 2527 communiter
464 2475 747 2540 impendebat
767 2492 777 2519 :
799 2484 841 2520 et
863 2484 954 2520 erat
977 2483 1115 2519 metus
1142 2472 1234 2536 ipse
1263 2474 1525 2528 communis,

157 2568 207 2598 ac
230 2559 409 2615 propter
429 2547 666 2594 Ecclesiam
693 2547 737 2593 in
772 2563 858 2610 qua
877 2561 1066 2596 eramus,
1109 2543 1292 2590 maxime
1336 2555 1529 2591 metuens

158 2621 388 2670 abscedere
400 2619 661 2680 cogitabam,
693 2617 777 2665 Sed
811 2616 1091 2664 metuendum
1113 2615 1212 2670 fuit,
1236 2631 1289 2661 ne
1312 2615 1448 2676 magis
1466 2633 1531 2661 mo
