1902 3268
610 329 821 361 tristem
858 325 1076 361 cxxxvnt.
1431 314 1524 378 529

159 395 319 460 plenda
346 406 420 444 est.
454 394 629 456 Agenda
654 405 753 441 sunt
779 405 921 441 autem
947 394 1083 441 multa
1102 394 1230 441 etiam
1260 411 1360 441 cum
1382 396 1527 442 invitis

161 466 349 525 benigna
382 465 572 531 quadam
610 466 838 529 asperitate
865 464 1133 528 plectendis,
1173 483 1357 529 quorum
1384 467 1531 529 potius

163 535 338 582 utilitati
361 535 672 581 consulendum
700 546 761 581 est
785 552 918 599 quam
943 535 1154 581 voluntati
1175 556 1186 589 3
1213 536 1330 600 quod
1349 537 1390 582 in
1408 536 1533 600 prin-

165 606 263 669 cipe
286 607 474 653 civitatis
497 607 832 652 luculentissime
853 606 1023 652 illorum
1048 606 1202 653 litterae
1226 607 1527 653 laudaverunt.

167 676 275 722 Nam
312 677 357 722 in
393 676 671 740 corripiendo
707 675 796 721 filio
825 675 1068 739 quamlibet
1103 694 1272 740 aspere,
1311 694 1540 740 nunquam

168 745 365 810 profecto
390 764 508 793 amor
536 758 739 810 paternus
769 747 996 792 amittitur.
1034 747 1100 792 Fit
1125 758 1268 791 tamen
1291 747 1410 810 quod
1435 746 1546 791 nolit

169 827 211 862 et
235 816 407 873 doleat,
424 817 498 880 qui
519 817 644 862 etiam
667 816 827 861 invitus
852 815 1024 860 videtur
1045 815 1194 861 dolore
1220 815 1449 862 sanandus.
1484 818 1547 862 Ac

171 903 250 950 per
280 886 367 933 lioc
400 887 433 932 si
468 898 630 932 terrena
663 887 739 931 ista
771 885 1014 948 respublica
1051 898 1273 949 praeccptu
1309 887 1548 932 christiana

174 957 420 1014 custodiat,
447 968 487 1002 et
514 958 604 1020 ipsa
628 956 742 1002 bella
774 955 863 1000 sine
889 956 1187 1002 benevolentia
1217 974 1300 1001 non
1330 967 1549 1016 gerentur,

176 1038 227 1072 ut
246 1027 298 1073 ad
314 1027 486 1091 pietatis
505 1027 773 1089 justitiaeque
792 1037 992 1089 pacatum
1028 1028 1272 1073 societatem
1298 1028 1424 1073 victis
1442 1027 1554 1074 faci-

178 1097 263 1143 lius
296 1098 563 1144 consulatur.
611 1098 719 1144 Nam
761 1098 830 1142 cui
862 1098 1036 1143 licentia
1075 1098 1316 1161 iniquitatis
1350 1099 1553 1161 eripitur,

180 1168 347 1214 utiliter
374 1169 566 1215 vincitur
597 1186 607 1213 ε
635 1168 843 1231 quoniam
877 1169 986 1214 nihil
1016 1180 1078 1214 est
1112 1169 1329 1214 infelicius
1358 1168 1563 1214 felicitate

181 1239 486 1302 peccantium,
517 1255 604 1302 qua
641 1238 828 1302 poenalis
859 1239 1053 1284 nutritur
1084 1239 1349 1302 impunitas,
1376 1249 1419 1284 et
1447 1239 1564 1285 mata

182 1309 387 1356 voluntas
411 1310 529 1357 velut
554 1310 687 1355 bostis
711 1309 889 1355 interior
914 1310 1159 1356 roboratur.
1192 1310 1275 1357 Sed
1299 1327 1499 1373 perversa
1522 1320 1566 1355 et

185 1397 330 1427 aversa
356 1380 489 1426 corda
533 1379 809 1436 mortalium,
848 1380 992 1426 felices
1033 1398 1096 1427 res
1131 1381 1344 1426 humanas
1377 1391 1561 1444 putant,

184 1468 287 1497 cum
305 1462 519 1498 tectorum
548 1450 755 1514 splendor
779 1450 1035 1505 attenditur,
1063 1462 1103 1496 et
1125 1451 1243 1496 labes
1264 1468 1349 1496 non
1370 1450 1564 1497 attendi-

186 1533 258 1568 tur
285 1522 553 1578 animorum3
575 1537 675 1567 cum
698 1521 967 1567 theatrorum
993 1521 1123 1567 moles
1141 1532 1417 1578 extruuntur,
1438 1532 1480 1567 et
1501 1521 1568 1567 ef-

186 1590 415 1637 fodiuntur
442 1590 726 1637 fundamenta
753 1591 988 1644 virtutum3
1031 1609 1130 1637 cum
1155 1593 1340 1651 gloriosa
1365 1603 1426 1637 est
1454 1593 1567 1638 effu-

188 1663 318 1708 sionis
342 1662 532 1718 insania,
553 1673 594 1708 et
617 1679 746 1726 opera
767 1661 1076 1708 misericordiae
1100 1662 1374 1717 deridentur3
1394 1680 1495 1709 cum
1520 1680 1567 1708 ex

191 1731 259 1777 his
285 1747 385 1794 quae
412 1731 622 1777 divitibus
652 1732 902 1784 abundant,
939 1732 1212 1778 luxuriantur
1244 1734 1500 1789 histriones,
1527 1745 1569 1779 et

191 1801 426 1848 necessaria
451 1803 517 1847 vix
537 1802 703 1848 liabent
720 1819 955 1866 paupere53
977 1820 1075 1848 cum
1103 1805 1213 1848 Deus
1229 1841 1238 1850 .
1258 1804 1332 1867 qui
1351 1804 1567 1849 doctrinae

192 1888 281 1918 suae
306 1871 496 1934 publicis
521 1873 705 1918 vocibus
727 1884 875 1918 contra
903 1873 990 1919 hoc
1022 1873 1182 1918 malum
1216 1875 1444 1937 publicum
1473 1874 1566 1920 cla-

195 1953 307 1996 mat,
331 1943 386 1987 ab
408 1943 552 2005 impiis
578 1943 750 2006 populis
767 1942 1117 2006 blasphematur,
1141 1957 1182 1989 et,
1205 1946 1262 1990 (lii
1290 1945 1391 1990 tales
1417 1945 1565 2008 requi-

195 2024 371 2067 rmitur‚
391 2013 630 2075 inquorum
657 2014 861 2059 bonorem
882 2016 1030 2077 eaipsa
1049 2016 1257 2060 theatrica
1276 2032 1510 2078 corporum
1525 2026 1566 2060 et

198 2083 440 2130 animorum
476 2084 687 2128 dedecora
726 2084 1011 2131 celebrentur.
1055 2086 1159 2131 Haec
1198 2086 1228 2130 si
1273 2087 1383 2131 Deus
1405 2085 1568 2149 pollere

204 2155 447 2217 permittat.
485 2164 588 2198 tunc
624 2154 873 2214 indignatur
909 2156 1106 2215 gravius3
1145 2157 1242 2202 li-aec
1278 2156 1309 2201 si
1348 2156 1567 2219 impunita

201 2225 415 2278 dimittat,
455 2234 556 2268 tunc
579 2225 704 2285 punit
729 2225 935 2271 infestius.
978 2229 1088 2270 (lum
1117 2243 1218 2270 vero
1247 2227 1399 2272 evertit
1423 2227 1568 2273 subsi-

202 2294 322 2339 dium
347 2294 577 2347 vitiorum,
607 2305 646 2337 et
673 2295 868 2357 copiosas
891 2296 1093 2341 libidines
1118 2298 1266 2359 inopes
1290 2297 1460 2352 reddit,
1481 2299 1570 2344 mi-

203 2363 475 2409 sericorditer
487 2364 536 2409 ad
545 2375 747 2410 versatur.
765 2367 1100 2412 Misericorditer
1109 2368 1221 2412 enim
1232 2405 1242 2419 ,
1257 2367 1288 2412 si
1305 2368 1394 2413 fieri
1407 2380 1568 2432 posset.

179 2465 183 2467 —
205 2434 331 2480 etiam
352 2434 463 2480 bella
487 2445 732 2495 gererentur
751 2453 772 2479 a
796 2436 919 2481 bonis
935 2473 946 2491 ‚
972 2448 1017 2481 ut
1050 2437 1281 2483 licentiosis
1313 2438 1575 2502 cupiditati-

207 2504 292 2550 bus
309 2503 485 2549 domitis
507 2505 600 2549 brec
624 2505 723 2549 vitia
744 2505 1043 2568 perderentur,
1067 2512 1292 2569 qtuejusto
1310 2509 1490 2573 imperio
1507 2510 1574 2556 vel

210 2576 410 2638 extirpari
441 2575 504 2620 vel
532 2577 667 2638 premi
693 2576 954 2624 debuerunt.

279 2645 392 2691 xlv*
427 2646 534 2690 Nam
563 2646 594 2690 si
620 2645 852 2692 christiana
882 2648 1108 2712 disciplina
1131 2650 1274 2695 omnia
1293 2649 1402 2695 bella
1426 2650 1579 2714 culpa-

377 2733 514 2761 τίκ-[Νι.
1397 2721 1458 2777 34
