1902 3268
686 319 897 352 ErrsrotA
931 321 1031 354 cxx.
1449 310 1541 374 397

171 402 405 453 porcarum
440 396 485 433 et
516 386 962 444 incommutabilium,
984 398 1147 451 quanta
1169 387 1213 434 in
1233 388 1317 435 hac
1339 389 1428 436 vita
1447 391 1548 453 capi

172 475 260 505 non
271 458 327 504 ab
340 456 545 504 omnibus
567 467 728 521 potest,
751 459 1031 504 verumetiam
1051 457 1106 504 ad
1130 459 1419 505 summitatem
1439 477 1551 506 con-

172 527 483 593 templationis,
502 524 635 592 quarn
653 527 762 574 dicit
779 528 1013 593 Apostolus
1038 545 1086 574 z«
1103 529 1229 576 Facie
1247 529 1301 576 ad
1314 530 1467 576 faciem
1481 529 1517 588 1,
1530 552 1550 572 »

170 602 261 649 sine
277 600 551 648 dubitatione
574 600 888 665 perveniemus.
924 601 1035 646 Nam
1061 600 1239 665 quidem
1261 601 1390 648 etiam
1416 602 1549 648 mini-

171 689 312 729 mum,
340 682 542 719 ettamen
567 671 612 718 iu
632 671 700 718 via
724 671 826 718 fidei
846 671 1265 735 perseverantissime
1291 672 1550 733 gradientes,

173 743 229 790 ad
252 743 373 790 illam
392 742 662 789 beatisimam
694 741 1105 806 contemplationem
1127 743 1387 805 perveniunt
1409 761 1419 788 :
1447 744 1551 806 qui-

171 814 276 861 dam
309 831 412 862 vero
441 813 550 879 quid
572 813 626 860 sit
647 823 801 859 natura
831 811 1064 859 invisibilis
1082 849 1094 869 ,
1138 812 1514 859 incommutabilis
1532 849 1543 870 ,

170 885 446 949 incorporea,
467 894 707 947 utcumque
724 886 816 944 jam
854 882 1050 940 scienteS,
1073 893 1115 929 et
1138 884 1252 930 viam
1287 900 1388 948 quae
1426 883 1552 930 ducit

173 955 228 1003 ad
255 966 387 1002 tantae
414 953 697 1001 beatitudinis
729 953 995 1000 mansionem
1020 991 1032 1011 ,
1068 955 1277 1018 quoniam
1314 954 1444 1001 stulta
1471 954 1554 1000 illis

170 1026 363 1083 videtur,
387 1025 508 1090 quod
526 1036 590 1072 est
610 1025 814 1072 Christus
835 1026 1067 1072 crucifixus
1083 1063 1094 1080 ‚
1127 1037 1267 1072 tenere
1289 1036 1550 1082 recusantes,

173 1096 230 1144 ad
252 1096 408 1162 quietis
425 1097 562 1161 ipsius
594 1096 840 1162 penetrale,
873 1100 999 1157 cujus
1016 1101 1109 1158 jam
1143 1097 1241 1143 luce
1262 1115 1380 1144 mens
1403 1114 1554 1143 eorum

173 1168 294 1216 velut
316 1168 362 1214 in
381 1167 623 1233 longinqua
658 1167 855 1216 radiante
886 1168 1194 1232 perstringitur
1215 1168 1438 1232 pervenire
1465 1185 1553 1214 non

174 1250 373 1304 possunt.

240 1310 292 1358 V.
320 1310 434 1357 Sunt
475 1322 620 1358 autem
653 1310 877 1375 quaedam,
900 1327 1001 1373 quae
1024 1327 1126 1356 cum
1159 1309 1436 1366 audierimus,
1467 1327 1555 1356 non

179 1383 239 1430 eis
262 1382 648 1430 accommodamus
671 1382 822 1439 fidem,
849 1392 890 1428 et
913 1382 1079 1428 ratione
1107 1382 1235 1428 nobis
1264 1381 1436 1428 reddita
1454 1399 1553 1428 vera

177 1469 264 1499 esse
281 1453 599 1513 cognoscimus,
618 1469 720 1517 quae
742 1452 918 1498 credere
938 1469 1027 1498 non
1046 1452 1252 1500 valemus.
1276 1455 1333 1499 Et
1359 1453 1556 1499 universa

179 1523 262 1570 Dei
278 1523 490 1571 miracula
507 1524 606 1571 ideo
622 1524 677 1570 ab
692 1522 944 1570 infidelibus
968 1540 1056 1569 non
1080 1522 1336 1579 creduntur,
1363 1523 1463 1586 quia
1482 1540 1559 1568 eo-

180 1610 278 1641 rum
301 1595 412 1642 ratio
444 1611 532 1641 non
551 1594 742 1642 videtur.
771 1595 828 1640 Et
854 1611 999 1641 revera
1022 1604 1146 1650 sunt,
1171 1594 1225 1640 de
1252 1594 1414 1658 quibus
1450 1594 1561 1639 ratio

182 1665 306 1713 reddi
324 1683 414 1712 non
431 1677 590 1731 potest,
618 1683 707 1712 non
722 1676 865 1712 tamen
887 1683 975 1712 non
988 1676 1064 1713 est.
1091 1665 1212 1723 Quid
1223 1666 1337 1711 enim
1352 1676 1415 1712 est
1432 1665 1476 1710 in
1491 1683 1561 1711 re-

182 1754 280 1784 rum
294 1748 466 1795 natura,
487 1736 608 1802 quod
631 1736 990 1783 irrationabiliter
1007 1735 1159 1782 fecerit
1176 1735 1323 1782 Deus?
1343 1735 1428 1781 Sed
1451 1752 1560 1799 quo-

184 1808 388 1855 rumdam
408 1808 675 1855 mirabilium
688 1825 869 1873 operum
887 1811 995 1868 ejus,
1019 1807 1150 1854 etiam
1170 1807 1340 1871 expedit
1354 1807 1563 1870 tantisper

185 1879 401 1927 occultam
417 1897 504 1926 esse
526 1880 757 1937 rationem,
785 1898 838 1926 ne
864 1879 982 1942 apud
1016 1879 1178 1925 animos
1197 1878 1370 1924 fastidio
1387 1878 1564 1938 langui-

187 1950 282 2008 dos,
302 1949 496 2011 ejusdem
518 1950 697 1997 rationis
719 1951 966 2011 cognitione
980 1950 1202 1997 vilescant.
1239 1948 1495 2001 Suntenim,
1523 1959 1566 1994 et

186 2020 315 2068 multi
334 2033 456 2080 sunt,
486 2022 564 2086 qui
592 2021 690 2086 plus
716 2031 915 2067 tenentur
938 2020 1224 2066 admiratione
1254 2036 1399 2067 rerum
1428 2035 1563 2082 quam

189 2093 436 2153 cognitione
465 2110 720 2150 causarum,
750 2092 827 2139 ubi
852 2091 1062 2138 miracula
1099 2091 1209 2137 mira
1228 2108 1314 2136 esse
1336 2090 1564 2146 desistunt,

190 2173 232 2209 et
254 2180 366 2227 opus
378 2175 441 2210 est
459 2181 530 2210 eos
551 2163 605 2210 ad
620 2163 908 2211 invisibilium
926 2162 1058 2209 fidem
1077 2161 1324 2208 visibilibus
1349 2160 1568 2208 miraculis

192 2234 380 2290 excitari,
400 2245 449 2280 ut
467 2234 679 2281 charitate
705 2236 896 2298 purgati,
920 2251 969 2280 eo
996 2232 1268 2297 perveniant,
1289 2230 1569 2278 ubifamilia-

193 2305 320 2351 ritate
348 2305 539 2352 veritatis
563 2305 711 2351 mirari
731 2304 952 2352 desistant.
991 2305 1103 2350 Nam
1125 2313 1166 2348 et
1200 2302 1246 2348 in
1286 2302 1464 2348 theatris
1481 2302 1568 2347 ho·-

185 2377 331 2423 'mines
344 2377 653 2423 funambulum
671 2377 905 2433 mirantur,
929 2374 1104 2421 musicis
1121 2373 1423 2420 delectantur:
1441 2373 1484 2420 in
1497 2372 1570 2419 illo

196 2459 340 2513 stupet
363 2448 620 2503 difficultas;
642 2449 687 2495 in
710 2448 779 2494 his
795 2449 950 2494 retinet
964 2446 1187 2510 pascitque
1204 2444 1474 2505 J'ucunditas.

260 2519 336 2567 Vl.
364 2519 473 2566 Haee
496 2519 694 2573 dixerim,
722 2530 772 2565 ut
803 2518 933 2565 fidem
960 2528 1081 2564 tuam
1110 2516 1165 2563 ad
1194 2533 1383 2562 amorem
1406 2513 1572 2562 intelli-

197 2590 353 2651 gentiae
370 2591 592 2649 cohorter,
614 2589 668 2638 ad
680 2606 815 2654 quam
828 2588 939 2636 ratio
954 2605 1052 2636 vera
1066 2586 1288 2653 perducit,
1307 2597 1350 2633 et
1368 2585 1440 2632 cui
1462 2584 1568 2631 fides

248 2673 259 2696 ¹
279 2684 291 2704 1
309 2674 383 2706 Cor.
399 2684 477 2716 xxti,
501 2685 552 2708 12.
