1902 3268
656 294 865 330 Eris‘rom
903 296 979 329 eit.
1415 284 1503 349 257

137 364 268 412 lentes
285 365 442 412 intueri
460 402 471 421 ‚
499 363 703 428 adquam
723 381 811 409 rem
835 364 1001 410 intersit
1021 362 1185 427 aliquid
1203 363 1439 422 diversum,
1463 379 1504 412 et

136 435 186 481 ad
209 453 338 499 quam
358 452 444 481 non
464 433 630 480 intersit
656 433 733 480 ubi
760 434 1022 480 adverterint
1040 433 1229 497 aliquam
1253 434 1502 482 distantiam

133 505 471 569 primordiorum
492 542 503 561 ‚
529 505 656 550 etiam
682 507 826 551 omnia
851 505 1157 569 consequentia
1184 504 1342 552 distare
1368 524 1500 570 opor·

132 587 220 623 tere
238 576 524 624 contendunt.
551 578 739 623 Possunt
757 577 858 623 tales
882 588 1055 640 putare,
1074 576 1214 623 oleum
1236 595 1281 623 ex
1303 578 1508 643 adipibus

131 664 219 694 non
233 647 389 694 debere
412 658 559 693 natare
571 664 701 712 super
718 664 874 711 aquam
892 684 903 703 ‚
925 648 1037 693 sicut
1055 646 1164 692 illud
1188 648 1308 710 qnod
1328 666 1374 694 ex
1390 648 1505 696 oliva

132 728 193 764 est
208 737 219 772 3
245 717 451 781 quoniam
473 718 598 778 longe
611 729 672 764 est
691 717 915 781 utriusque
930 716 1051 775 origo
1066 715 1284 763 dissimilis
1301 754 1312 774 ,
1330 718 1508 781 quando

131 786 239 833 illud
262 805 310 833 ex
333 787 450 848 ligno
468 826 479 845 ‚
506 789 594 834 hoc
611 805 657 833 ex
685 805 813 833 carne
839 786 1104 850 profluxerit.

194 857 245 904 V.
276 858 501 915 Quantum
519 869 661 904 autem
678 858 830 903 attinet
848 857 901 902 ad
916 857 1034 903 illam
1055 857 1362 913 differentiam,
1386 858 1507 922 quod

132 927 296 973 Christi
332 945 518 992 corpus,
554 945 641 973 non
667 927 922 973 dissolutum
959 927 1059 972 tabe
1093 938 1222 990 atque
1250 929 1504 991 putredine,

130 996 198 1043 die
222 1000 345 1043 tertio
367 998 613 1054 resurrexit,
639 1008 782 1043 nostra
802 1015 903 1043 vero
928 1008 1024 1061 post
1041 997 1218 1058 longum
1241 1009 1410 1062 tempus
1429 1037 1439 1055 ‚
1461 1018 1509 1046 ex

130 1066 318 1130 quadam
334 1105 345 1123 ,
363 1084 452 1131 quo
473 1067 611 1114 soluta
632 1067 942 1120 discesserant,
967 1068 1220 1113 confusione
1238 1070 1506 1132 reparabun-

128 1146 224 1195 tur3
247 1139 454 1185 humanae
467 1138 663 1184 facultati
688 1150 922 1201 utrumque
944 1138 1213 1201 impossibile
1231 1150 1319 1193 est,
1344 1139 1509 1187 divinae

130 1219 271 1255 autem
302 1210 504 1274 potestati
530 1220 763 1272 utrumque
797 1208 1069 1255 facillimum.
1118 1209 1176 1253 Ut
1210 1209 1322 1254 enim
1357 1210 1508 1257 radius

128 1279 245 1325 oculi
273 1281 436 1337 nostri,
465 1297 554 1325 non
587 1280 714 1325 citius
737 1279 934 1342 pervenit
960 1278 1010 1323 ad
1038 1279 1380 1341 propinquiora,
1410 1291 1503 1326 tar-

128 1349 224 1396 dius
245 1350 298 1395 ad
327 1350 636 1413 longinquiora
654 1387 665 1405 ‚
683 1349 755 1395 sed
781 1360 964 1411 utraque
986 1348 1212 1395 intervalla
1237 1351 1365 1413 parili
1387 1353 1503 1398 cele—

126 1420 251 1466 ritate
264 1420 476 1480 contingit
494 1437 504 1464 :
525 1420 582 1465 ita
603 1436 703 1466 cum
722 1441 740 1460 α
755 1420 806 1465 ln
819 1420 908 1464 ictu
924 1418 1089 1475 oculi‘l,
1108 1439 1128 1460 >³
1144 1419 1254 1465 sicut
1270 1422 1505 1484 Apostolus

127 1491 260 1548 dicit,
296 1493 346 1538 fit
377 1492 632 1538 resurrectio
659 1502 962 1548 mortuorum,
993 1491 1325 1554 omnipotentiae
1351 1494 1430 1539 Dei
1464 1505 1506 1540 et

125 1563 335 1610 ineffabili
352 1563 479 1610 nutui
498 1574 584 1609 tam
602 1562 728 1610 facile
742 1573 803 1609 est
815 1579 1001 1626 quaeque
1019 1562 1205 1608 recentia
1221 1600 1232 1619 ,
1253 1580 1382 1626 quam
1404 1564 1506 1611 diu-

127 1645 257 1680 turno
297 1645 490 1697 tempore
525 1633 693 1696 dilapsa
727 1632 936 1679 cadavera
969 1633 1189 1680 suscitare.
1222 1634 1511 1681 Incredibilia

126 1715 227 1750 sunt
263 1704 362 1750 haec
388 1703 653 1767 quibusdam
672 1740 682 1759 ‚
710 1703 813 1767 quia
848 1703 1091 1765 inexperta3
1119 1719 1217 1748 cum
1245 1703 1389 1748 omnis
1420 1722 1508 1750 na-

129 1784 222 1821 tura
247 1790 390 1821 rerum
428 1785 518 1819 tam
542 1773 595 1818 sit
616 1773 743 1836 plena
769 1773 1012 1829 miraculis,
1044 1782 1092 1818 ut
1121 1790 1208 1818 non
1237 1774 1362 1837 quasi
1386 1774 1507 1822 facili

124 1844 484 1910 pervestigatione
508 1844 685 1889 rationis
703 1881 714 1901 ‚
733 1843 806 1890 sed
829 1843 1004 1890 videndi
1029 1844 1343 1890 consuetudine
1359 1881 1369 1895 ‚
1397 1846 1507 1891 mira

125 1934 211 1962 non
234 1917 320 1962 sint
338 1953 349 1973 ,
372 1927 501 1979 atque
521 1916 578 1960 ob
603 1915 712 1970 hoc,
745 1933 823 1961 nec
846 1915 1190 1960 consideratione
1207 1952 1217 1971 ‚
1245 1932 1323 1961 nec
1349 1916 1504 1980 inqui-

124 1987 275 2032 sitione
295 1986 424 2046 digna
444 1985 687 2032 videantur.
716 1986 824 2031 Nam
846 2002 922 2045 ego
937 2022 947 2040 ‚
975 1996 1016 2031 et
1041 2002 1210 2030 mecum
1236 1986 1506 2050 quicumque

124 2056 358 2104 invisibilia
396 2056 476 2101 Dei
502 2073 579 2118 per
603 2074 672 2111 ea,
712 2073 812 2119 quae
844 2056 957 2101 facta
986 2065 1112 2111 sunt,
1140 2055 1376 2115 intelligere
1405 2073 1504 2103 mo-

125 2128 308 2184 liuntur,
338 2137 519 2173 autnon
546 2126 688 2171 minus
710 2138 783 2172 aut
810 2126 998 2189 amplius
1028 2126 1314 2183 admiramur,
1344 2127 1388 2172 in
1415 2144 1507 2174 uno

124 2198 295 2244 seminis
320 2207 407 2242 tam
432 2196 621 2259 parvulo
646 2213 780 2255 grano
796 2233 807 2255 ⁷
826 2197 970 2242 omnia
991 2214 1091 2260 quae
1110 2196 1340 2242 laudamus
1362 2198 1408 2243 in
1429 2216 1505 2244 ar-

124 2269 230 2313 bore
259 2278 467 2329 tanquam
501 2266 647 2311 liciata
679 2266 878 2324 latuisse,
908 2284 1041 2330 quam
1068 2266 1219 2312 mundi
1255 2267 1387 2327 hujus
1412 2278 1504 2314 tame

123 2341 337 2398 ingentem
360 2337 499 2382 sinum
519 2374 529 2392 ,
556 2353 655 2400 quae
679 2336 733 2382 de
755 2338 1018 2399 corporibus
1043 2338 1246 2382 humanis
1260 2336 1363 2382 dum
1386 2337 1507 2383 dila-

124 2412 292 2456 buntur
310 2408 509 2465 assumit,
527 2409 829 2454 resurrectioni
854 2408 1011 2455 futurae
1038 2418 1127 2454 tota
1150 2417 1192 2454 et
1214 2408 1377 2468 integra
1397 2408 1508 2455 red:-

122 2482 333 2529 diturum.

173 2569 182 2588 ¹
210 2578 217 2596 t
240 2567 315 2596 Cor.
340 2573 392 2601 xv,
414 2560 468 2593 52.

253 2632 396 2664 cxrvr.
1318 2632 1372 2679 ¹7.
