1902 3268
614 233 823 262 131¹13'1'MA
865 232 1049 261 invni.
1456 220 1513 279 87

137 300 190 346 tle
207 299 367 362 quibus
388 297 431 343 in
458 313 638 361 persona
657 297 852 360 corporis
873 296 1038 341 Christi
1062 306 1180 341 tanto
1206 307 1302 342 ante
1321 298 1514 361 praedic—

136 380 230 416 turn
245 378 308 413 est
325 381 376 413 τα
391 366 609 414 Adversus
628 383 696 411 me
712 365 1289 430 insultabantquisetlebant
1304 368 1350 414 in
1367 379 1511 430 porta,

136 461 158 483 >2
172 449 215 486 et
235 440 280 486 in
300 455 365 485 me
387 438 712 502 psallebantqui
726 438 940 484 bibebant
954 437 1147 495 vinun1¹‚
1169 460 1188 479 ι)
1211 437 1338 484 valde
1357 437 1509 484 tolera-

136 510 268 556 bilius
287 509 569 563 sustinentur3
589 525 672 572 pro
695 509 858 573 quibus
882 519 1025 554 tamen
1049 509 1176 554 etiam
1194 509 1294 572 ipsis
1317 525 1456 564 orare,
1477 519 1520 554 et

135 581 302 627 bonum
319 580 379 626 eis
413 579 521 625 velle
546 579 795 626 didicimus.
832 579 896 624 Ad
927 579 1033 642 quid
1072 579 1187 624 enim
1226 578 1343 625 aliud
1369 579 1518 625 sedent

136 651 224 707 isti,
244 661 285 697 et
303 649 412 714 quid
428 649 549 696 aliud
569 660 769 713 captant,
793 649 874 695 nisi
893 660 943 695 ut
966 649 1161 712 quisquis
1181 650 1431 713 episcopus,
1450 650 1517 699 vel

137 721 339 777 clericus,
360 720 428 768 vel
449 721 710 777 monachus,
739 720 807 767 vel
826 720 1165 766 sanctimonialis
1183 720 1407 777 ceciderit,
1429 737 1520 767 om·

136 805 211 838 nes
226 791 637 847 talesessecredant‚
653 796 841 851 jactent
868 790 1154 846 contendant,
1171 790 1244 837 sed
1266 808 1353 838 non
1373 806 1520 840 omnes

136 876 261 927 posse·
276 860 570 908 manifestari?
592 864 620 906 1⁴3
628 872 644 906 t
669 872 810 908 tamen
829 861 959 907 ctiam
986 861 1071 925 ipsi
1094 877 1197 907 cum
1215 861 1361 925 aliqua
1383 878 1423 906 m
1431 861 1518 906 ari-

136 943 226 979 tata
241 942 462 979 invenitur
495 931 714 988 adultera,
737 949 817 978 nec
841 932 1084 995 piojiciunt
1107 948 1256 978 uxores
1291 949 1414 988 suas,
1436 947 1516 978 nec

137 1013 347 1049 accusant
370 1012 526 1048 matres
539 1019 650 1050 suas.
677 1006 791 1049 Cum
816 1013 957 1049 autem
974 1002 1028 1048 de
1053 1002 1288 1066 aliquibus,
1310 1002 1384 1066 qui
1399 1018 1522 1050 sanc—

135 1083 231 1120 tum
246 1089 403 1119 nomen
413 1074 694 1137 profitentur,
713 1074 879 1137 aliquid
901 1073 1095 1120 criminis
1114 1072 1180 1119 vel
1193 1072 1287 1119 falsi
1304 1072 1512 1121 sonuerit.

136 1143 204 1193 vel
224 1143 315 1190 veri
339 1144 549 1208 patuerit,
575 1145 754 1200 instant,
782 1154 1002 1204 satagunt,
1024 1143 1247 1198 ambiunt,
1272 1152 1320 1188 ut
1340 1142 1393 1189 de
1417 1159 1517 1188 om·-

138 1213 269 1260 nibus
284 1213 373 1259 hoc
396 1214 613 1261 credatur.
645 1216 736 1260 Hos
750 1231 852 1274 ergo
869 1214 923 1260 tle
948 1214 1103 1259 nostris
1131 1212 1357 1259 doloribus
1378 1213 1520 1259 suavi·

141 1295 269 1330 tatem
283 1301 372 1330 suae
383 1283 509 1331 malae
524 1285 685 1345 linguae
700 1296 944 1349 captantes,
960 1284 1087 1330 facile
1102 1294 1226 1330 estut
1241 1283 1322 1330 illis
1338 1283 1523 1330 canibus

139 1371 462 1419 comparemus,
482 1355 516 1401 si
533 1354 645 1401 forte
662 1357 706 1402 in
727 1355 840 1402 malo
862 1354 1130 1415 intelligendi
1154 1365 1271 1410 sunt,
1297 1354 1370 1417 qui
1390 1353 1522 1413 linge-

137 1427 248 1473 bant
274 1426 456 1473 vulnera
493 1428 699 1491 pauperis
729 1427 846 1473 illius
869 1427 906 1484 2,
932 1427 1009 1490 qui
1040 1437 1137 1472 ante
1166 1430 1349 1485 januam
1377 1425 1527 1471 divitis

131 1496 326 1559 jacebat,
351 1508 394 1543 et
413 1511 643 1563 quousque
661 1499 826 1544 veniret
852 1497 907 1544 ad
946 1497 1138 1561 requiem
1159 1496 1276 1543 sinus
1304 1495 1516 1551 Abrahae,

137 1568 354 1615 laboriosa
367 1579 410 1615 et
427 1568 607 1630 indigna
625 1570 769 1615 omnia
789 1569 1017 1616 tolerabat.

201 1636 303 1686 Vll.
344 1639 430 1684 Vos
457 1656 526 1685 me
560 1639 695 1685 nolite
730 1639 917 1703 amplius
953 1639 1177 1694 cruciare,
1214 1638 1289 1703 qui
1329 1637 1518 1700 aliquam

139 1725 261 1773 spem
281 1709 458 1755 habetis
474 1709 529 1754 ad
554 1711 694 1755 Deum
713 1727 724 1754 z
750 1726 825 1755 vos
843 1709 976 1755 nolite
996 1710 1090 1773 ipsa
1113 1710 1290 1755 vulnera
1305 1746 1316 1764 ‚
1341 1725 1442 1772 quie
1458 1706 1523 1752 illi

139 1779 313 1840 lingunt
333 1778 627 1843 multiplicare
654 1798 665 1825 ε
693 1797 768 1825 vos
794 1797 876 1843 pro
901 1780 1062 1843 quibus
1084 1780 1385 1843 periclitamur
1402 1776 1526 1824 omni

140 1850 278 1907 hora,
305 1851 516 1897 habentes
542 1850 645 1897 foris
671 1868 840 1914 pugnas
858 1888 869 1907 ‚
904 1852 1021 1909 intus
1049 1852 1250 1905 timore53
1276 1848 1521 1914 periculum

141 1921 187 1967 in
205 1922 380 1969 civitate
396 1957 407 1978 ,
427 1921 675 1985 periculum
697 1922 740 1966 in
760 1921 948 1977 desert03
972 1922 1215 1984 periculum
1237 1939 1283 1966 ex
1302 1920 1524 1980 gentibus,

143 1992 389 2056 periculum
401 2008 449 2038 ex
463 1991 581 2038 falsis
593 1991 819 2039 fratribus,
848 1993 949 2038 Scio
970 1993 1073 2056 quia
1093 1992 1271 2043 doletis,
1300 1991 1372 2037 sed
1391 2008 1523 2037 num-

144 2062 251 2127 quid
286 2062 426 2109 aerius
462 2078 596 2126 quam
637 2066 747 2123 egoi)
779 2063 881 2109 Scio
909 2064 1010 2126 quia
1043 2063 1297 2109 conturbati
1323 2063 1445 2116 estis,
1483 2070 1526 2106 et

144 2133 277 2179 timeo
296 2147 349 2178 ne
366 2133 479 2178 inter
501 2132 671 2192 linguas
689 2133 1003 2179 maledicorum
1028 2133 1203 2179 deficiat
1223 2144 1263 2178 et
1284 2144 1432 2196 percat
1455 2132 1525 2177 in·-

146 2205 322 2259 firmus,
340 2213 523 2267 propter
547 2218 678 2267 quem
700 2204 903 2250 Christus
921 2215 1119 2250 mortuus
1132 2215 1207 2250 est.
1231 2204 1329 2248 Non
1348 2202 1531 2249 exvobis

146 2274 360 2320 increscat
388 2272 516 2320 dolor
538 2284 698 2329 noster,
728 2274 829 2337 quia
854 2291 940 2320 non
964 2275 1094 2337 culpa
1120 2284 1263 2319 nostra
1292 2273 1430 2319 factus
1465 2281 1528 2317 est

147 2354 298 2391 vester.
325 2344 435 2390 Nam
462 2344 549 2390 hoc
570 2354 633 2389 est
651 2343 772 2407 quod
797 2362 1046 2408 praecavere
1070 2355 1252 2390 conatus
1283 2359 1376 2389 suin
1394 2380 1405 2398 ‚
1431 2352 1478 2388 ut
1496 2343 1528 2388 si

149 2416 241 2462 fieri
263 2426 431 2479 posset,
452 2414 539 2461 hoc
567 2415 734 2461 malum
758 2432 837 2461 nec
867 2416 1426 2475 vitandum*negligeretur,
1453 2431 1531 2459 nec

149 2488 195 2532 in
221 2496 406 2532 vestram
436 2485 634 2531 notitiam
656 2484 938 2549 perferretur,
966 2486 1043 2532 ubi
1077 2486 1343 2533 infructuose
1367 2485 1534 2533 crucia-

201 2569 210 2591 ¹
229 2566 312 2601 Psal.
331 2579 447 2609 mviii,
469 2571 521 2603 13.
539 2587 582 2594 --
597 2567 613 2592 ²
630 2572 704 2602 Luc.
724 2580 791 2608 xvi,
810 2580 866 2602 Ἠ.
