1902 3268
627 280 839 313 Erisrota
874 282 1004 314 Lxxv.
1456 274 1517 319 53

143 366 165 388 »
188 363 305 393 arma
319 345 399 394 Dei
414 384 425 403 ‚
443 357 492 394 ut
502 345 673 410 possitis
686 346 877 392 resistere
890 347 935 393 in
953 347 1022 394 die
1042 348 1173 396 malo.
1202 367 1222 389 »
1244 354 1300 397 Et
1317 368 1491 399 rursum
1505 391 1517 411 ‚

141 437 163 459 «
182 417 303 463 State
325 418 537 464 succincti
555 416 729 462 lumbos
748 427 910 463 vestros
933 418 978 463 in
1001 418 1178 465 veritate
1196 457 1207 476 ,
1229 431 1272 466 et
1286 421 1432 467 induti
1451 422 1520 468 lo-

139 508 162 529 »
183 488 319 534 ricam
350 488 560 549 Justitiae,
604 497 646 533 et
681 487 854 533 calciati
897 487 1028 551 pedes
1064 489 1108 534 in
1151 493 1521 554 praeparationem

139 578 160 599 >2
185 557 405 619 Evangelii
421 557 544 621 pacis
562 575 574 603 t
591 573 720 620 super
744 558 890 604 omnia
912 559 1173 622 accipientes
1196 572 1370 607 scutum
1396 562 1516 619 fidei,

137 647 159 669 >2
181 627 227 673 in
251 645 339 691 quo
357 627 530 691 possitis
548 628 748 674 universa
774 627 858 673 tela
879 628 1055 687 maligni
1081 629 1216 689 ignita
1240 632 1485 691 extinguere
1506 650 1517 677 :

107 762 111 765 ‘
135 718 157 740 ι)
180 707 222 743 et
244 698 410 758 galeam
432 698 580 744 salutis
597 698 803 760 accipite,
824 708 866 743 et
882 697 1075 757 gladium
1093 699 1306 761 Spiritus,
1326 702 1446 764 quod
1460 713 1523 748 est

134 788 158 810 2)
180 767 365 814 verbum
392 769 487 815 Dei.
510 790 530 810 ))
557 767 638 814 His
669 766 893 830 quondam
916 767 1008 813 telis
1040 785 1111 814 rex
1153 769 1296 814 David
1331 782 1524 817 armatus

131 838 401 901 procedebat
433 838 487 884 ad
511 837 740 902 praelium3
762 847 803 883 et
838 837 1034 901 quinque
1057 838 1225 902 lapides
1255 839 1309 885 de
1331 850 1522 887 torrente

132 907 351 972 accipiens
367 908 591 968 laevigatos
606 945 617 965 ,
637 907 751 954 nihil
768 908 1011 971 asperitatis
1030 919 1071 954 et
1091 909 1288 955 sordium
1307 910 1421 957 inter
1438 911 1521 958 hu-

124 982 198 1039 Jus
215 979 364 1025 saeculi
387 979 603 1035 turbines,
618 979 665 1025 in
688 979 884 1024 sensibus
902 979 989 1025 suis
1008 996 1095 1025 esse
1114 981 1388 1027 monstrabat
1403 1018 1414 1038 ,
1443 983 1520 1028 bi-

128 1048 236 1094 bens
252 1048 307 1095 de
328 1060 517 1096 torrente
535 1050 582 1096 in
602 1050 671 1096 via
696 1067 707 1094 2
732 1059 773 1094 et
797 1049 965 1095 idcirco
991 1049 1198 1096 exaltatus
1218 1062 1355 1115 caput
1369 1069 1520 1115 super·

128 1118 356 1165 bissimum
390 1120 574 1166 Goliath
603 1136 679 1165 suo
712 1119 988 1182 potissimum
1022 1137 1233 1166 mucrone
1271 1123 1516 1180 truncavit,

125 1191 374 1252 percutiens
396 1191 442 1238 in
460 1190 603 1237 fronte
625 1189 978 1253 blasphemum1‚
997 1200 1038 1235 et
1053 1190 1098 1235 in
1115 1208 1162 1235 ea
1179 1202 1302 1253 parte
1322 1194 1520 1256 corporis

127 1259 381 1317 vulnerans,
407 1261 453 1306 in
479 1278 567 1324 qua
586 1271 629 1306 et
651 1271 950 1323 praesumptor
977 1260 1209 1306 sacerdotii
1242 1263 1371 1308 Ozias
1395 1263 1517 1326 lepra

124 1329 369 1392 percutitur
398 1348 410 1375 ε
445 1340 486 1376 et
519 1331 705 1376 Sanctus
746 1329 956 1390 gloriatur
990 1329 1037 1374 in
1080 1330 1298 1387 Domino,
1331 1331 1511 1378 dicens:

124 1422 146 1443 «
172 1401 400 1463 Signatum
423 1414 488 1450 est
507 1419 639 1466 super
665 1418 744 1448 nos
766 1402 914 1447 lumen
948 1401 1100 1448 vultus
1120 1405 1212 1458 tui,
1234 1405 1468 1452 Domine2.
1494 1427 1515 1448 »

122 1471 333 1519 Dicamus
347 1474 482 1535 igitur
505 1484 548 1520 et
566 1490 644 1519 nos
668 1490 680 1518 :
702 1493 723 1514 α
744 1472 953 1518 Paratum
971 1489 1049 1518 cor
1065 1491 1215 1520 meum
1230 1512 1241 1531 ,
1266 1476 1405 1532 Deus,
1426 1493 1513 1539 pa-

121 1563 144 1586 »
167 1554 311 1590 ratum
346 1561 424 1591 cor
460 1561 628 1601 meum;
656 1542 848 1589 cantabo
878 1553 921 1588 et
951 1543 1138 1606 psallam
1165 1546 1211 1591 in
1234 1545 1370 1606 gloria
1395 1563 1505 1594 mea.

119 1634 141 1656 »ν
165 1615 336 1677 Exurge
351 1615 606 1680 psalterium
623 1624 665 1661 et
681 1613 878 1668 cithara3
900 1630 1109 1674 exurgam
1134 1614 1331 1662 diluculo
1344 1615 1362 1644 3
1387 1633 1398 1660 ε
1423 1637 1444 1657 »
1463 1627 1513 1662 ut

118 1684 165 1731 in
187 1686 315 1732 nobis
347 1686 486 1750 possit
516 1685 719 1749 impleri?
745 1705 766 1726 c<
787 1683 927 1748 Aperi
950 1701 997 1731 os
1031 1697 1183 1743 tuum,
1209 1696 1252 1733 et
1269 1703 1347 1747 ego
1372 1685 1509 1732 adim-

118 1776 140 1798 »
163 1755 297 1819 plebo
324 1755 464 1803 illud⁶
493 1775 505 1799 ε
534 1766 577 1802 et
599 1754 815 1801 Dominus
841 1754 969 1801 dabit
1002 1756 1190 1802 verbum
1213 1756 1511 1816 evangelizan-

118 1846 140 1866 ›>
164 1825 282 1872 tibus
315 1826 478 1872 virtute
514 1825 699 1871 multa5.
729 1845 748 1866 υ
774 1825 840 1870 Te
871 1841 1048 1889 quoque
1084 1826 1228 1889 ipsum
1264 1842 1387 1871 orare
1420 1844 1509 1874 non

116 1896 301 1952 dubito,
333 1907 382 1942 ut
402 1896 515 1943 inter
540 1912 619 1942 nos
650 1895 966 1942 contendentes
991 1897 1149 1942 veritas
1183 1907 1373 1959 superet.
1405 1897 1506 1943 Non

115 1966 227 2012 enim
244 1976 364 2013 tuam
382 1966 542 2030 quaeris
556 1965 741 2027 gloriam
760 2002 772 2022 ,
794 1965 869 2012 sed
885 1966 1052 2012 Christi
1076 1984 1087 2011 ε
1115 1982 1305 2030 cumque
1323 1977 1371 2012 tu
1388 1967 1508 2013 vice-

113 2037 196 2093 ris,
223 2047 266 2084 et
288 2055 366 2099 ego
399 2039 594 2093 vincam,
630 2037 667 2082 si
706 2053 852 2083 meum
879 2054 1067 2083 errorem
1108 2037 1357 2083 intellexero
1381 2056 1392 2083 ι
1416 2050 1458 2084 et
1483 2055 1506 2084 e

113 2107 353 2164 contrario,
371 2125 440 2154 me
455 2108 658 2155 vincente
677 2144 689 2163 ,
716 2118 765 2154 tu
784 2124 960 2171 superas
978 2127 989 2162 3
1010 2108 1113 2172 quia
1131 2125 1220 2153 non
1241 2108 1321 2153 filii
1343 2126 1502 2171 paren-

112 2177 257 2235 tibus,
283 2178 357 2225 secl
380 2188 580 2242 parentes
609 2177 710 2224 filiis
739 2178 1081 2225 thesaurizantss.
1109 2178 1166 2223 Et
1191 2178 1236 2223 in
1264 2178 1500 2242 Paralipo-

112 2265 270 2295 menon
302 2249 418 2296 libro
441 2249 651 2310 legimus,
692 2249 813 2312 quod
846 2249 927 2296 filii
962 2248 1100 2295 Isra'el
1124 2248 1178 2294 ad
1203 2249 1495 2312 pugnandum

109 2319 398 2382 processerint
419 2340 440 2361 c<
460 2320 605 2365 Mente
624 2319 812 2383 pacifica
825 2318 862 2377 7,
884 2340 906 2362 >>
929 2319 1042 2366 inter
1060 2320 1178 2382 ipsos
1196 2335 1372 2382 quoque
1398 2319 1495 2380 gla-

110 2388 204 2435 dios
229 2400 271 2436 et
290 2390 515 2436 effusiones
539 2390 761 2450 sanguinis
778 2427 790 2445 ‚
826 2400 869 2436 et
903 2389 1119 2435 cadavera
1142 2399 1459 2452 prostratorum
1480 2427 1490 2445 ‚

109 2476 199 2506 non
219 2477 339 2507 suam
358 2460 432 2507 sed
451 2460 574 2524 pacis
595 2460 826 2508 victoriam
850 2460 1103 2520 cogitantes.
1132 2459 1497 2522 Respondeamus

160 2563 170 2586 ¹
197 2574 209 2594 1
226 2567 407 2605 Reg.xv11,
421 2568 476 2599 4ο,
494 2566 526 2593 et
544 2572 562 2591 2
578 2559 682 2593 Paral.
701 2571 789 2604 xxvx,
815 2572 867 2602 19.
882 2577 928 2585 —
941 2558 956 2582 2
972 2560 1055 2592 Psal.
1073 2570 1118 2602 iv,
1143 2570 1172 2598 7.
1195 2577 1238 2583 n—
1267 2556 1284 2583 3
1312 2560 1360 2596 1d.
1379 2571 1445 2599 nvi,
1460 2561 1492 2592 8,

112 2637 153 2642 -
169 2616 354 2657 ⁴1d.1.xxx‚
373 2629 402 2651 t.
420 2635 465 2642 —-
480 2615 557 2649 ⁵16.
574 2628 675 2655 uva,
698 2628 751 2650 η.
775 2635 815 2642 -
833 2613 848 2637 ⁶
869 2629 886 2649 α
908 2618 984 2649 Cor.
1004 2628 1064 2655 xit,
1080 2622 1135 2653 24.
1155 2614 1235 2639 -7
1259 2630 1270 2650 t
1296 2617 1399 2649 Parat.
1427 2627 1493 2647 xri.
