1902 3268
607 329 814 360 Epis'rom
855 330 984 361 cxiii.
1401 322 1494 373 353

120 416 300 470 propter
325 421 412 451 rem
449 415 597 460 tuam,
626 420 760 467 quam
797 404 871 450 hit:
908 403 1041 451 habes
1062 442 1073 462 ,
1116 406 1336 453 meliorem
1371 409 1490 471 apud

120 476 257 521 Deum
279 473 520 521 faciendam
542 511 552 530 ‚
594 490 681 520 non
715 474 992 538 impudenter
1024 493 1223 541 exposco.
1257 479 1335 524 Dei
1358 479 1490 525 mise-

118 544 306 592 ricordia
337 556 376 592 te
395 543 783 609 circumplectatur
800 582 812 602 ,
845 557 884 592 et
910 547 965 593 ab
993 549 1111 595 omni
1133 548 1360 614 iniquitate
1381 566 1493 596 cou-

119 626 269 662 servet.

120 785 1441 804 ssssssssssssssssssssssssssssssssssssssssssssssssssssssss
1444 792 1480 804 w

565 886 831 929 EPISTOLA
868 886 1002 930 CXIII
1023 887 1054 929 ¹.

116 996 291 1037 Domino
302 998 567 1045 dilectissimo,
585 1001 806 1052 meritoque
819 1000 1047 1040 'honorabili
1063 1012 1098 1040 et
1115 1004 1366 1055 suscipiendo
1382 1005 1501 1044 fratri

283 1060 497 1099 Cnuscomo
516 1063 594 1110 (50)
615 1063 863 1101 Ancusrmus
886 1063 923 1101 in
953 1063 1121 1101 Domino
1138 1064 1325 1104 salutem.

175 1181 458 1224 cresconium
482 1192 607 1240 rogat
635 1182 906 1240 Augustinus
935 1192 978 1223 αι
1001 1197 1090 1224 sace
1111 1199 1189 1241 pro
1219 1185 1438 1228 Faventia

550 1250 776 1307 petitionis
793 1249 975 1307 adjutor
993 1251 1061 1292 sil.

179 1381 226 1426 Si
253 1381 310 1427 ab
344 1379 423 1426 ista
445 1394 576 1426 causa
602 1377 930 1424 dissimulavero
950 1415 960 1433 ‚
990 1377 1042 1423 de
1066 1394 1152 1441 qua
1185 1390 1273 1425 tuae
1301 1381 1498 1442 religioni

117 1467 216 1497 ecce
241 1451 398 1497 iterum
419 1449 583 1504 scribo3
619 1465 707 1494 non
732 1447 872 1494 solum
905 1447 1123 1494 eximietas
1146 1459 1237 1506 tua,
1271 1451 1345 1497 sed
1369 1453 1499 1499 etiam

110 1521 204 1586 ipse
224 1558 236 1579 ,
259 1521 456 1587 quisquis
478 1521 550 1567 ille
568 1530 630 1568 est
644 1557 655 1578 ,
684 1519 728 1566 in
749 1522 877 1579 cujus
901 1535 1031 1566 causa
1058 1521 1290 1567 Faventius
1308 1523 1368 1568 sic
1388 1541 1494 1587 rap-

57 1620 59 1623 ·
112 1603 179 1639 tus
199 1603 288 1649 est,
312 1593 466 1639 merito
494 1609 563 1638 me
593 1589 821 1654 culpabit,
852 1600 894 1635 et
927 1601 1045 1636 recte
1070 1591 1360 1654 reprehendet
1386 1612 1395 1639 z
1418 1598 1495 1654 J'u-

110 1662 262 1709 dicans
289 1662 438 1727 utique
453 1700 464 1719 ,
482 1662 516 1707 si
532 1660 662 1708 etiam
680 1661 772 1723 ipse
792 1659 849 1704 ad
879 1660 1086 1706 auxilium
1108 1661 1316 1707 Ecclesiae
1333 1664 1493 1710 confu-

110 1735 237 1795 gisset
257 1770 270 1791 ,
305 1733 340 1779 si
374 1733 412 1779 ei
435 1731 574 1778 simile
608 1730 774 1794 aliquid
808 1730 1061 1786 accidisset,
1093 1730 1153 1777 ita
1185 1749 1253 1778 me
1283 1732 1412 1780 fuisse
1436 1735 1491 1781 ab

107 1808 199 1864 ejus
222 1804 470 1850 necessitate
495 1813 536 1848 et
562 1800 847 1848 tribulatione
869 1800 1262 1850 dissimulaturum.
1288 1804 1457 1850 Deinde
1475 1843 1486 1862 ‚

109 1874 144 1920 si
170 1874 401 1920 hominum
425 1871 678 1919 existimatio
705 1871 1023 1917 contemnenda
1056 1881 1147 1929 est,
1184 1873 1270 1935 ipsi
1298 1875 1486 1921 Domino

110 1946 202 1991 Deo
234 1954 380 1990 nostro
400 1942 508 2006 quid
532 1941 676 1988 dicam
697 1978 708 1998 ‚
747 1951 784 1987 et
808 1958 941 2004 quam
971 1941 1183 1988 rationem
1214 1943 1422 1999 reddam3
1455 1946 1488 1991 si

107 2025 320 2079 quantum
339 2030 514 2079 possum
538 2030 626 2058 non
649 2029 774 2071 egero
790 2047 801 2069 ‚
824 2029 906 2075 pro
935 2016 1026 2072 ejus
1051 2012 1187 2060 salute
1205 2051 1215 2070 ,
1245 2015 1379 2079 quise
1410 2033 1485 2062 ec-

107 2085 266 2142 clesiae‚
287 2084 360 2131 cui
382 2084 518 2131 servio
533 2120 544 2138 ‚
579 2081 795 2129 tuendum
820 2081 1208 2147 adjuvandumque
1233 2085 1480 2141 commisit,

106 2156 293 2203 Domine
316 2155 596 2202 dilectissime
618 2163 659 2199 et
679 2153 938 2201 venerabilis
964 2153 1057 2200 fili?
1082 2155 1207 2214 Rogo
1228 2155 1377 2219 itaque
1401 2157 1482 2204 be-

106 2227 362 2288 nignitatem
378 2236 498 2272 tuam
515 2261 525 2281 ,
551 2223 758 2288 quoniam
783 2222 957 2269 difficile
980 2233 1021 2269 et
1044 2223 1302 2271 incredibile
1318 2237 1380 2272 est
1396 2264 1407 2283 ‚
1433 2238 1485 2273 ut

105 2302 299 2359 nonjam
323 2296 392 2345 vel
411 2295 581 2342 noveris
607 2293 674 2340 vel
697 2310 818 2339 nosse
852 2292 1018 2357 possis3
1047 2293 1092 2339 in
1124 2310 1211 2357 qua
1241 2312 1369 2343 causa
1397 2297 1479 2344 de-

107 2377 247 2415 tentus
273 2369 348 2425 sit,
367 2367 455 2412 hoc
477 2364 651 2411 interim
668 2363 785 2426 apud
808 2363 1102 2427 apparitorem
1122 2365 1199 2426 qui
1221 2381 1320 2411 eum
1342 2376 1476 2426 tenet,

102 2439 356 2501 petitionem
381 2452 521 2482 meam
549 2434 755 2493 adjuvare
777 2432 968 2492 digneris
984 2469 996 2488 ‚
1030 2442 1078 2478 ut
1097 2431 1228 2479 faciat
1244 2435 1364 2498 quod
1388 2437 1476 2483 im-

104 2508 317 2573 peratoris
346 2506 437 2568 lege
460 2504 722 2570 praecipitur
746 2502 848 2565 (51)
876 2520 887 2547 z
913 2512 959 2550 ut
975 2518 1074 2549 eum
1099 2502 1219 2566 apud
1242 2508 1352 2551 Acta
1377 2524 1478 2554 mu·-

154 2609 165 2632 ¹
184 2608 272 2642 Alias
302 2618 411 2640 ccxix.
433 2615 505 2649 quae
521 2609 626 2637 autem
646 2615 658 2635 x
671 2605 709 2634 13
726 2608 806 2646 erat,
822 2613 908 2637 nunc
926 2602 1152 2648 15.-Scripta
1169 2604 1252 2640 circa
1263 2604 1327 2639 hoc
1340 2612 1478 2653 tempm,

105 2663 168 2697 sive
182 2674 247 2696 non
263 2668 336 2695 ante
355 2672 406 2694 an.
426 2668 490 2703 409
510 2671 569 2693 uec
587 2665 658 2703 post
677 2660 755 2697 413.

235 2730 377 2763 cxtv1.
1290 2716 1349 2761 23
