1902 3268
609 319 821 351 nrrsrora
856 318 984 351 cxxv.
1397 309 1490 365 433

117 381 259 434 clesiae
291 396 499 450 tanquam
523 402 782 450 possessores
813 396 856 431 et
890 385 1056 432 domini
1086 386 1392 435 existimantur.
1421 389 1488 436 Ad

115 459 239 505 istam
264 458 550 522 cupiditatem
575 469 662 503 tam
685 457 855 503 noxiam
882 468 1010 522 atquc
1032 458 1295 504 mortiferam
1312 497 1323 515 ,
1346 460 1379 505 si
1399 460 1491 506 fieri

116 538 282 592 potest,
309 527 367 574 mi
394 528 510 591 Alipi
527 565 539 585 ,
566 545 654 573 non
678 526 953 574 aedificentur
974 546 1054 592 per
1077 545 1154 574 nos
1188 529 1365 577 infirmi.
1398 531 1490 577 Re-

116 598 298 645 cordare
325 599 434 663 quid
472 598 609 645 locuti
651 599 889 655 fuerimus,
931 611 1162 663 antequam
1198 600 1278 646 ista
1312 601 1491 647 tentatio

116 687 218 735 quae
238 670 336 734 plus
359 670 412 715 ad
442 671 530 716 hoc
557 671 672 730 cogit
706 670 932 718 accideret.
975 672 1038 717 Ex
1067 670 1153 717 hoc
1171 672 1318 735 potius
1343 671 1492 718 confe-

119 740 253 786 rendo
271 779 281 795 ,
304 740 538 800 adjuvante
563 741 777 797 Domino,
798 741 1029 804 providere
1048 757 1258 787 conemur
1280 759 1291 786 2
1314 758 1393 787 nec
1419 759 1495 788 no-

119 811 186 856 bis
204 810 387 856 sufficiat
411 821 556 856 nostra
590 811 853 857 conscientia
870 848 882 866 ,
916 812 1019 875 quia
1044 828 1130 857 non
1157 811 1251 856 talis
1275 827 1403 858 causa
1434 823 1496 858 est

121 881 196 926 ubi
223 880 377 926 debeat
405 881 493 926 sola
517 881 725 927 sufficere.
755 881 798 926 Si
823 882 935 926 enim
963 882 1072 929 servi
1100 882 1179 927 Dei
1210 898 1297 927 non
1321 882 1498 946 reprobi

119 968 290 1005 sumus,
310 953 342 996 si
369 951 533 1015 aliquid
558 952 672 1011 viget
697 952 739 997 in
768 952 894 997 nobis
918 952 1031 997 illius
1053 952 1256 1013 igniculi,
1280 969 1369 1016 quo
1390 952 1498 999 cha-

121 1022 223 1068 ritas
243 1039 329 1068 non
348 1025 504 1086 quaerit
522 1038 621 1085 quac
641 1039 714 1067 sua
734 1033 856 1075 sunt3
874 1023 1103 1085 providere
1123 1024 1272 1087 utique
1292 1022 1502 1069 debemus

119 1093 235 1139 bona
251 1131 261 1149 ,
284 1110 370 1138 non
393 1093 532 1139 solum
554 1110 703 1139 coram
726 1094 816 1139 Deo
837 1131 846 1148 ‚
870 1093 942 1139 scd
971 1095 1098 1140 ctiam
1125 1111 1275 1140 coram
1304 1093 1503 1140 homini·-

121 1163 223 1217 bus,
245 1181 297 1209 ne
313 1163 592 1226 tranquillam
613 1180 769 1227 aquam
786 1163 984 1210 bibentes
1008 1165 1052 1210 in
1068 1176 1213 1210 nostra
1237 1164 1502 1211 conscientia

121 1233 310 1297 pedibus
343 1234 529 1279 incautis
560 1251 681 1294 agere
706 1234 1038 1291 convincamur,
1069 1246 1117 1281 ut
1148 1252 1247 1282 oves
1272 1233 1505 1281 dominicae

123 1304 348 1351 turbidam
373 1304 546 1351 bibant.

193 1376 271 1422 ΙΙΙ.
319 1375 428 1420 Nam
464 1375 584 1439 quod
625 1375 863 1439 scripsisti,
899 1377 952 1423 de
985 1376 1385 1437 generejurationis
1414 1375 1504 1423 vio-

122 1446 258 1492 lenter
278 1455 453 1491 extortae
473 1482 484 1502 ,
512 1456 561 1491 ut
582 1445 790 1491 internos
818 1448 1089 1510 requiramus
1107 1484 1118 1503 ,
1144 1448 1325 1492 obsecro
1353 1457 1393 1491 te
1409 1484 1419 1502 ‚
1454 1463 1507 1493 ne

124 1534 188 1563 res
206 1515 494 1562 lucidissimas
513 1516 753 1579 disputatio
772 1527 916 1563 nostra
938 1517 1068 1563 faciat
1085 1517 1304 1563 obscuras.
1331 1515 1378 1561 Si
1392 1517 1507 1562 enim

125 1598 241 1634 certa
264 1603 378 1632 mors
399 1586 703 1643 intentaretur,
733 1597 779 1632 ut
810 1586 976 1650 aliquid
998 1588 1199 1633 illicitum
1226 1605 1274 1632 ac
1296 1586 1508 1633 nefarium

126 1673 272 1708 semus
299 1657 378 1702 Dei
417 1673 459 1702 se
490 1660 658 1716 juraret
697 1673 783 1703 esse
816 1657 1034 1703 facturum
1055 1694 1066 1713 ,
1094 1658 1206 1703 mori
1230 1656 1358 1702 malle
1378 1673 1512 1720 quam

122 1731 270 1788 jurare
295 1725 537 1783 debuerat,
568 1743 622 1772 ne
651 1727 913 1786 jurationem
953 1727 1108 1773 scelere
1138 1726 1352 1790 impleret.
1381 1727 1508 1772 Nunc

126 1815 227 1844 vero
245 1815 346 1844 cum
362 1797 666 1843 tantummodo
686 1798 842 1861 populi
858 1797 1304 1862 perseverantissimus
1320 1796 1503 1854 clamor,

128 1869 181 1916 ad
203 1869 372 1916 nullum
398 1868 515 1915 nefas
535 1869 757 1915 hominem
779 1881 976 1929 cogeret,
999 1869 1072 1915 sed
1095 1868 1147 1914 ad
1170 1868 1215 1914 id
1235 1868 1355 1931 quod
1376 1868 1407 1913 si
1430 1869 1505 1914 fic-

128 1951 192 1986 ret
209 1977 219 1995 ,
240 1939 356 1986 licite
380 1940 530 1993 fieret;
558 1956 748 2003 cumque
784 1951 1050 1986 metueretur
1068 1939 1243 2003 quidem
1267 1976 1277 1995 ,
1300 1955 1353 1984 ne
1372 1938 1509 2002 aliqui

127 2010 310 2075 perditi,
337 2010 412 2074 qui
438 2009 707 2055 multitudini
735 2011 862 2055 etiam
889 2011 1107 2056 bonorum
1126 2009 1386 2073 plerumque
1411 2009 1510 2054 mis-

127 2091 280 2128 centur
301 2079 527 2126 occasione
550 2079 771 2126 seditionis
807 2092 848 2126 et
882 2081 1006 2144 quasi
1037 2084 1166 2140 J'ustae
1199 2079 1509 2139 indignationis

129 2151 328 2206 inventa,
357 2149 403 2195 in
436 2148 622 2212 aliquam
650 2151 736 2195 vim
766 2150 1018 2196 sceleratam
1044 2150 1297 2214 rapinarum
1325 2149 1506 2211 cupidi-

132 2231 217 2267 tate
251 2229 614 2284 prorumperent,
653 2219 727 2265 sed
760 2231 899 2265 tamen
936 2220 1043 2266 illud
1077 2219 1197 2282 quod
1223 2219 1507 2265 mutuebatur

129 2301 234 2337 esset
269 2291 509 2342 incertum3
544 2290 641 2352 quis
679 2302 847 2336 censeat
887 2301 1066 2354 propter
1097 2290 1261 2336 incerta
1291 2306 1377 2334 non
1405 2289 1505 2335 dico

131 2361 340 2407 damnaet
354 2358 572 2424 quaslibet
589 2360 768 2418 injurias
788 2361 1049 2423 corporales,
1075 2361 1146 2405 sed
1159 2370 1342 2423 propter
1361 2361 1502 2422 ipsam

134 2443 312 2478 mortem
339 2429 575 2476 cavendam
593 2467 604 2486 ,
623 2441 786 2476 certum
810 2431 1052 2494 perjurium
1072 2430 1229 2475 debere
1246 2430 1462 2476 committi
1482 2433 1501 2476 'J

133 2503 286 2550 Nescio
303 2501 400 2565 quis
417 2500 488 2546 ille
506 2500 696 2560 Regulus
718 2502 824 2547 nihil
853 2503 895 2547 in
921 2501 1146 2565 scripturis
1174 2500 1395 2547 sanctisde
1413 2501 1502 2546 im-

135 2575 292 2639 pietate
308 2571 428 2616 falsae
442 2571 673 2630 jurationis
693 2571 913 2627 audierat,
943 2571 1053 2617 nihil
1071 2570 1125 2616 de
1144 2570 1373 2617 Zachariae
1388 2570 1500 2617 falce

134 2643 372 2695 didicerat,
399 2652 440 2685 et
470 2641 675 2686 nimirum
697 2641 1113 2701 Carthaginensibus
1142 2657 1229 2685 non
1266 2658 1345 2704 per
1365 2655 1504 2687 sacra-

299 2733 442 2763 exrvi.
1287 2713 1344 2759 28
