1902 3268
385 250 475 297 208
809 269 843 298 S.
885 268 1130 301 Anousrim
1164 270 1368 304 El‘tscopt

451 334 526 380 vl.
557 331 790 389 Quomodo
809 344 951 379 autem
972 336 1239 381 contrarium
1259 349 1337 393 est,
1361 350 1401 385 et
1418 341 1642 389 Christum
1664 355 1763 408 post

384 405 739 451 resurrectionem
755 403 967 460 cibatum,
989 406 1090 451 etin
1112 412 1424 456 resurrectione
1449 430 1548 475 quae
1572 400 1761 479 promit—

386 478 493 522 titur
510 476 708 527 ciborum
734 473 1016 534 indigentiam
1037 494 1121 521 non
1141 478 1358 534 futuram3
1382 499 1481 528 cum
1507 494 1546 528 et
1577 485 1760 544 Angelos

380 548 572 607 legamus
595 544 910 605 ejusdemmodi
935 563 1050 591 escas
1082 547 1319 611 eodemque
1342 552 1472 597 modo
1507 556 1754 620 sumpsisse,

380 617 765 665 nonfictoetinani
789 616 1163 679 etpltantasmate,
1186 619 1257 663 5οεί
1281 620 1622 669 manifestissima
1643 627 1757 671 veri-

379 701 486 747 tate3
523 707 601 735 nec
625 699 766 734 tamen
803 687 1068 743 necessitate,
1112 687 1183 734 sed
1222 696 1460 752 potestate?
1486 692 1621 739 Aliter
1643 695 1757 751 enim

378 762 582 807 absorbet
607 771 716 805 terra
736 775 889 822 aquam
912 757 1081 814 sitiens,
1108 757 1230 804 aliter
1254 759 1354 806 solis
1378 761 1524 808 radius
1545 764 1749 818 candens.

377 833 456 880 Illa
477 831 730 892 indigentia,
758 830 833 875 iste
861 829 1070 892 potentia.
1117 831 1294 876 Futurae
1317 849 1417 892 ergo
1436 836 1755 882 resurrectionis

375 921 554 967 corpus,
576 899 842 964 imperfectae
863 899 1078 945 felicitatis
1095 901 1188 949 erit.
1211 902 1241 946 si
1260 903 1382 947 cibos
1396 920 1562 950 sumere
1577 921 1662 950 non
1679 922 1756 969 po.-

375 975 530 1022 tuerit:
553 971 819 1036 imperfectae
840 970 1074 1026 felicitatis,
1107 972 1138 1017 si
1155 973 1264 1018 cibis
1281 974 1460 1032 eguerit.
1487 975 1658 1020 Possem
1683 975 1754 1035 liic

374 1047 428 1094 de
454 1043 871 1093 commutationibus
888 1042 1180 1105 corporalium
1202 1043 1483 1107 qualitatum,
1511 1045 1619 1092 etde
1635 1063 1755 1109 prae-.-

367 1118 536 1183 potenti
572 1113 755 1160 valentia
785 1113 831 1158 in
872 1111 1076 1158 inferiora
1115 1130 1301 1176 corpora
1327 1131 1566 1177 corporum
1615 1133 1753 1179 supe-2

368 1190 531 1235 riorum
563 1185 689 1231 latius
728 1182 951 1245 disputare
979 1200 990 1227 t
1018 1182 1090 1228 sed
1123 1184 1313 1229 breviter
1355 1185 1466 1231 mihi
1507 1186 1754 1249 repondere

371 1258 646 1325 propositum
678 1264 758 1305 cst,
802 1263 843 1298 et
864 1252 1023 1299 talibus
1058 1254 1240 1314 ingeniis
1274 1254 1362 1301 hoe
1397 1256 1622 1314 scribitur,
1653 1273 1754 1321 quae

373 1331 425 1377 ad
434 1344 604 1376 monere
619 1324 847 1372 suffecerit.

435 1401 535 1447 Vll.
561 1398 787 1444 Seiatsane
805 1395 879 1459 qui
896 1395 973 1441 has
989 1395 1222 1460 proposuit
1236 1396 1510 1460 quaestiones,
1525 1397 1752 1458 Christum

370 1483 470 1538 post
491 1467 846 1516 resurrectionem
864 1467 1085 1513 cicatrices
1098 1504 1111 1524 ,
1137 1484 1224 1512 non
1242 1466 1423 1513 Vulnera
1440 1469 1752 1517 demonstrasse

369 1541 697 1594 dubitantibus,
730 1549 910 1603 propter
935 1556 1044 1602 quos
1072 1538 1203 1584 etiam
1235 1538 1386 1584 cibum
1428 1556 1478 1585 ac
1501 1550 1653 1605 potum
1674 1557 1750 1586 su·-

368 1632 483 1662 mere
499 1613 654 1668 voluit,
682 1628 769 1656 non
795 1609 941 1666 semel,
969 1609 1042 1655 sed
1059 1607 1234 1673 saepius,
1255 1625 1308 1654 ne
1336 1608 1444 1654 illud
1468 1627 1552 1656 non
1567 1628 1746 1674 corpus,

366 1686 438 1733 sed
456 1685 656 1749 spiritum
676 1699 761 1727 esse
787 1681 1120 1736 arbitrarentur,
1150 1681 1233 1725 sibi
1261 1697 1348 1725 non
1368 1680 1519 1736 solide,
1544 1681 1615 1727 sed
1637 1683 1750 1728 ima-

367 1756 567 1818 ginaliter
591 1770 815 1818 apparere,
843 1753 970 1798 Tunc
990 1763 1131 1798 autern
1148 1751 1237 1797 illae
1253 1751 1373 1797 falsae
1401 1751 1625 1799 cicatrices
1636 1752 1749 1799 fuis—

367 1840 479 1886 sent,
501 1828 533 1874 si
561 1826 681 1872 nulla
708 1824 886 1871 vulnera
914 1824 1258 1888 praecessissent:
1289 1834 1331 1868 et
1358 1834 1501 1869 tamen
1531 1841 1609 1870 nec
1641 1824 1749 1888 ipsae

367 1910 522 1954 essent,
545 1899 579 1943 si
610 1913 679 1943 eas
700 1913 786 1942 esse
809 1894 1028 1942 noluisset.
1065 1893 1211 1939 Voluit
1238 1904 1384 1939 autem
1419 1905 1548 1940 certae
1568 1894 1749 1958 dispen-

365 1971 544 2018 sationis
562 1968 721 2027 gratia,
750 1977 799 2012 ut
815 1966 872 2012 eis
897 1983 1006 2029 quos
1046 1964 1298 2011 aedificabat
1331 1965 1375 2011 in
1396 1965 1481 2010 side
1516 1983 1602 2011 non
1624 1967 1741 2022 ficta,

365 2059 456 2089 nou
473 2038 591 2086 aliud
619 2054 701 2101 pro
729 2036 832 2091 alio,
872 2035 945 2081 sed
982 2036 1070 2080 hoc
1106 2033 1225 2098 quod
1246 2035 1502 2080 crucifixum
1526 2035 1741 2095 viderant,

364 2110 639 2165 resurrexisse
663 2118 934 2155 monstraret.
962 2105 1083 2162 Quid
1107 2116 1168 2151 est
1187 2123 1285 2165 ergo
1304 2105 1425 2168 quod
1450 2105 1637 2151 dicitur:
1657 2128 1674 2147 «
1699 2106 1746 2152 Si

365 2193 547 2249 propter
566 2177 840 2226 incredulum
857 2176 977 2231 fecit,
999 2176 1152 2222 finxit?
1175 2175 1447 2238 »quasivero
1462 2175 1495 2221 si
1513 2176 1745 2239 quisquam

363 2256 431 2301 vir
451 2252 574 2299 fortis
589 2266 670 2314 pro
694 2248 835 2313 patria
860 2247 1093 2302 dimicans,
1112 2246 1249 2292 multa
1275 2245 1452 2292 adversa
1473 2247 1651 2293 vulnera
1671 2265 1744 2294 ex-

359 2326 543 2388 ciperet,
568 2331 610 2366 et
630 2319 891 2382 peritissimo
913 2317 1103 2372 medico,
1121 2317 1198 2380 qui
1213 2317 1311 2363 haec
1330 2318 1387 2363 ita
1402 2335 1554 2364 curare
1566 2317 1741 2375 valeret,

362 2392 645 2441 utcicatrices
663 2389 796 2435 nullae
819 2398 1096 2452 apparerent,
1124 2388 1216 2451 ipse
1243 2389 1389 2451 potius
1414 2388 1593 2442 diceret,
1624 2388 1683 2433 sic
1700 2405 1743 2435 se

359 2465 467 2511 velle
497 2462 655 2515 sanari,
682 2471 728 2505 ut
753 2460 886 2519 magis
909 2470 1044 2504 esseut
1068 2459 1112 2504 in
1139 2476 1322 2521 corpore
1345 2475 1421 2504 suo
1439 2459 1614 2520 vestigia
1638 2457 1740 2505 vul:-

354 2551 506 2582 nerum
535 2544 741 2594 tanquam
770 2530 883 2576 tituli
908 2529 1162 2590 gloriarum,
1188 2529 1285 2574 ideo
1306 2529 1377 2574 ille
1400 2528 1592 2585 medicus
1616 2529 1739 2590 cica-

355 2606 481 2652 trices
496 2601 662 2665 finxisse
681 2599 916 2653 diceretur,
933 2600 1036 2662 quia
1062 2616 1162 2645 cum
1192 2617 1268 2661 per
1296 2609 1428 2644 artem
1457 2597 1623 2645 efficere
1650 2615 1736 2662 po-
