1902 3268
619 244 834 276 Erlsrom
869 247 998 277 mxxv.
1446 239 1508 284 63

138 313 349 361 virtutum
374 311 510 368 Petri,
530 321 580 356 et
605 324 654 357 ea
684 311 903 375 scripsisse
936 315 1176 373 jactanter,
1203 323 1305 379 quae
1328 317 1396 364 vel
1421 321 1509 365 noh

137 383 312 438 fecerit,
343 381 456 430 velsi
478 382 646 438 fecerit,
671 382 916 446 procaciter
938 382 1090 429 fecerit
1108 383 1154 430 id
1174 384 1222 430 in
1251 385 1335 432 alio
1358 395 1510 451 repre-

137 453 348 510 hendens,
374 451 494 516 quod
512 453 605 516 ipse
634 452 913 501 commiserit.
938 454 1224 519 Interpretati
1258 466 1359 502 sunt
1383 456 1449 503 illi
1465 467 1514 504 ut

137 532 379 588 potuerunt
405 529 416 569 ἑ
444 533 491 569 tu
517 523 741 587 quomodo
766 524 898 571 istum
923 524 1071 572 locuni
1103 525 1336 574 edisseres?
1360 528 1512 592 utique

138 594 316 641 meliora
334 595 535 641 'dicturus
551 595 627 658 qui
644 605 843 641 veterum
864 590 1119 642 sententiam
1136 597 1396 660 reprobasti.
1428 619 1450 640 »

202 666 306 713 XII.
334 665 535 712 «Scribis
557 664 612 711 ad
633 672 700 711 me
719 668 765 711 in
777 665 960 728 epistola
979 675 1054 711 tna
1081 665 1258 730 [Neque
1269 667 1386 713 enim
1409 674 1512 714 ame

138 735 360 783 docendus
379 754 437 793 es,
461 735 972 800 quomodo‘intelligatur
994 735 1116 800 quo'd
1142 736 1259 783 idem
1284 738 1517 801 Apostolus

138 805 271 852 dicit:
291 827 312 848 α
331 808 487 854 Faetus
507 823 603 853 sum
630 805 798 852 Judaeis
823 816 1034 870 tanquam
1058 806 1258 864 Judaeu's,
1275 815 1323 854 ut
1340 808 1517 855 Judaeos

139 897 160 918 »
185 875 532 933 lucrifacerem1,
551 898 572 919 ›>
591 887 633 922 et
658 887 817 923 caetera
848 884 948 940 quae
966 874 1031 923 ibi
1071 876 1282 926 dicuntur
1310 885 1517 944 compas-

139 947 260 993 sione
283 947 617 1000 misericordiae,
655 960 744 993 non
769 948 1045 994 simulatione⁴
1076 948 1277 997 fallaciae.
1304 946 1373 996 Fit
1401 950 1518 996 enirn

139 1028 350 1080 tanquam
367 1034 496 1077 aeger,
536 1018 613 1081 qui
636 1019 853 1064 ministrat
876 1028 1058 1079 aegroto,
1082 1028 1171 1065 non
1197 1025 1300 1066 cum
1319 1024 1361 1067 se
1378 1020 1521 1066 febres

138 1088 301 1134 habere
324 1088 535 1134 mentitur
549 1126 560 1145 ,
599 1088 673 1135 sed.
715 1104 817 1135 cum
847 1090 994 1136 animo'
1028 1090 1302 1137 condolentis
1339 1091 1520 1151 cogitat,

138 1157 513 1222 quemadmodum
534 1159 617 1204 sibi
637 1159 787 1206 serviri
813 1160 960 1216 vellet,
982 1160 1018 1206 si
1040 1161 1134 1224 ipse
1147 1169 1388 1222 aegrOtaret.
1411 1162 1524 1207 Nam

139 1229 290 1292 utique
306 1230 331 1274 J
337 1228 489 1275 udaeus
502 1240 614 1285 erat,
629 1229 904 1276 Christianus
924 1228 1065 1276 autem
1083 1230 1224 1277 factus
1236 1249 1325 1278 non
1340 1236 1363 1277 J
1366 1231 1524 1277 udae'o-

138 1315 236 1345 rum
269 1309 536 1345 sacramenta
557 1299 814 1362 reliquerat,
849 1314 950 1363 quae
973 1301 1280 1346 convenienter
1320 1300 1393 1347 ille
1434 1317 1522 1364 po—

137 1368 285 1432 pulus,
303 1379 346 1414 et
363 1369 559 1428 legitimo
591 1380 804 1432 tempore,
843 1387 932 1434 quo
967 1371 1224 1434 oportebat,
1258 1377 1518 1434 acceperat:

137 1440 325 1504 ideoque
347 1440 538 1503 suscepit
570 1457 618 1486 ea
655 1440 916 1487 celebranda
957 1455 1058 1487 cum
1096 1444 1188 1501 jam
1212 1440 1387 1488 Christi
1417 1451 1525 1487 esset

140 1510 391 1574 Apostolus,
416 1521 464 1557 ut
482 1511 657 1557 doceret
681 1529 769 1559 nou
792 1529 880 1558 esse
899 1513 1145 1576 perniciosa
1172 1512 1240 1558 his
1264 1512 1342 1577 qui
1361 1530 1410 1558 ea
1428 1512 1524 1559 vel-

137 1582 247 1639 lent,
270 1582 384 1628 sicut
403 1600 427 1628 a
442 1583 700 1646 parentibus
716 1601 795 1647 per
814 1587 971 1643 Legem
988 1593 1264 1647 acceperant,
1285 1583 1522 1640 custodire,

139 1653 270 1699 etiam
291 1669 395 1699 cum
428 1653 474 1698 in
500 1653 728 1699 Christum
754 1653 1065 1707 credidissent3
1099 1667 1188 1699 non
1216 1664 1361 1699 tamen
1397 1653 1444 1700 in
1466 1653 1525 1699 eis

135 1726 228 1783 jam
255 1723 568 1768 constituerent
596 1740 718 1786 spem
754 1723 919 1780 salutis,
952 1724 1161 1787 quoniam
1189 1740 1270 1788 per
1289 1724 1528 1770 Dominum

142 1794 290 1840 Jesum
313 1793 429 1840 salus
451 1794 547 1857 ipsa
564 1810 666 1858 quae
679 1794 764 1840 illis
779 1795 1060 1841 sacramentis
1079 1794 1434 1854 significabatur,
1452 1794 1528 1840 ad-

145 1864 369 1926 veneram]
400 1865 555 1910 Totius
580 1866 788 1911 sermonis
824 1866 906 1922 tui,
935 1878 1063 1928 quem
1099 1864 1395 1929 disputatione
1430 1865 1531 1911 lon-

149 1936 321 1996 gissima
340 1936 591 1999 protraxisti
609 1935 683 1981 hic
695 1946 842 1982 sensus
861 1946 922 1981 est
940 1955 951 1989 3
973 1946 1022 1981 ut
1038 1936 1193 1981 Petrus
1215 1948 1307 1981 non
1320 1937 1529 1982 erraverit

146 2007 193 2052 in
204 2023 277 2064 eo,
298 2005 422 2070 quod
439 2006 509 2052 his
533 2005 673 2070 quiex
691 2005 858 2052 Jndaeis
878 2005 1172 2063 crediderant,
1200 2006 1529 2069 putaveritLe-

147 2087 244 2139 gem
256 2084 344 2124 esse
359 2077 641 2131 servandam3
670 2077 744 2123 sed
762 2078 805 2124 in
831 2089 885 2124 eo'
901 2093 922 2124 a
942 2077 1165 2123 rectilinea
1186 2077 1387 2134 deviarit,
1413 2077 1535 2142 quod.

149 2159 293 2208 gentes
320 2149 510 2208 coegerit
531 2148 771 2208 judaizare.
811 2149 1019 2210 Coegerit
1047 2159 1188 2195 autem
1212 2165 1302 2194 non
1341 2146 1538 2195 docentis

149 2220 350 2283 imperio,
380 2219 454 2265 sed
471 2219 807 2266 conversationis
825 2220 1036 2284 exemplo.
1069 2221 1126 2265 Et
1147 2219 1309 2265 Paulus
1326 2236 1414 2266 non
1434 2237 1536 2267 con-

153 2291 282 2336 traria
299 2290 352 2336 si't
366 2289 544 2336 loeutus
572 2290 642 2336 his
661 2301 760 2354 quae
778 2291 870 2355 {Pse
889 2297 1097 2352 gesserat3
1132 2290 1205 2336 secl
1225 2298 1359 2354 quare
1383 2287 1539 2339 Petrus

149 2378 240 2429 eos,
268 2362 346 2426 qui
367 2374 416 2408 ex
436 2362 638 2422 gentibus
663 2373 787 2409 erant
805 2355 1030 2423 judaizare
1053 2362 1350 2426 compelleret.
1377 2377 1397 2405 ›·>
1568 2417 1571 2420 y

217 2434 345 2480 XHI.
375 2433 518 2479 «Haec
534 2450 635 2494 ergo
647 2447 816 2480 summa
836 2445 899 2480 est
920 2433 1188 2498 quaestionis,
1201 2433 1290 2480 imo
1311 2435 1535 2481 sententiat

152 2510 261 2561 tuae',
274 2510 435 2567 utpost
452 2503 742 2563 Evangelium
769 2503 955 2562 Christi,
976 2505 1089 2552 bene
1101 2503 1263 2552 faciant
1279 2501 1306 2550 J
1308 2503 1422 2552 udaei
1441 2522 1536 2551 cre-

201 2587 212 2609 1
233 2598 244 2616 1
265 2587 345 2618 Cor.
362 2594 408 2624 tx,
423 2594 478 2620 πο.
