1902 3268
631 299 839 330 EPISTOLA
878 301 1038 333 cxviii.
1423 296 1519 359 369

146 363 290 410 curari
314 364 543 411 auditores.
576 365 772 410 Moribus
797 366 881 411 tuis
904 366 1057 412 intenti
1083 368 1190 414 fiant
1213 405 1222 426 ,
1257 372 1332 433 qui
1367 375 1444 421 abs
1478 389 1516 423 te

147 434 311 498 aliquid
344 434 426 480 tale
458 435 680 498 accepturi
712 446 826 483 sunt.
858 436 970 483 Nolo
994 439 1116 502 prius
1141 438 1308 505 aliquid
1333 443 1514 509 doceas,

146 505 265 570 quod
284 505 596 552 dediscendum
616 517 694 562 est,
721 518 769 553 ut
796 524 896 554 vera
920 508 1088 558 doceaS.

208 578 312 625 XII.
340 578 451 623 Nam
475 577 510 622 si
534 578 770 624 alienarum
791 581 1098 627 sententiarum
1123 582 1448 646 dissidentium,
1480 605 1521 641 et

143 650 481 714 repugnantium
532 649 724 709 cognitio
774 649 938 714 aliquid
993 651 1170 712 adjuvat
1210 656 1520 712 insinuatorem

144 720 394 766 christianae
425 720 638 775 veritatis,
684 731 732 766 ut
768 722 937 767 noverit
969 724 1194 785 quomodo
1252 727 1523 782 adversantes

144 790 336 837 destruat
354 790 558 836 falsitates
576 827 586 845 ,
614 789 667 835 ad
696 790 782 837 hoc
815 790 1053 848 duntaxat,
1078 795 1243 856 nequis
1259 811 1411 847 contra
1430 803 1519 851 dif-

141 860 281 907 ferens
302 898 314 918 ,
341 861 512 907 nonnisi
529 860 573 905 in
595 859 836 906 refellendis
860 861 946 906 tuis
968 863 1071 922 figat
1091 864 1267 912 oculum
1284 905 1295 923 ,
1323 886 1398 918 sua
1419 890 1520 923 vero

142 931 292 979 sedulo
311 930 514 978 occultet.
547 930 660 975 Nam
690 930 881 990 cognitio
903 932 1091 978 veritatis
1111 972 1121 990 ,
1160 938 1304 984 omnia
1326 939 1433 989 falsa
1451 983 1461 1002 ,
1485 950 1518 994 si

142 1002 274 1049 modo
305 1002 581 1066 proferantur
599 1038 610 1057 ,
638 1001 768 1046 etiam
800 1018 900 1065 quae
924 1004 1044 1065 prius
1068 1004 1263 1053 inaudita
1297 1027 1419 1061 erant
1441 1054 1451 1071 ‚
1479 1030 1521 1066 et

142 1072 385 1134 dijudicare
423 1083 465 1118 et
487 1072 736 1119 subvertere
773 1071 931 1119 idonea
964 1085 1039 1121 est.
1074 1075 1158 1122 Sed
1192 1089 1240 1123 ut
1263 1097 1352 1127 non
1380 1087 1520 1135 solum

142 1155 291 1209 aperta
317 1143 552 1200 feriantur,
576 1143 649 1189 sed
669 1143 799 1189 etiam
826 1144 1083 1192 abscondita
1101 1160 1308 1197 eruantur
1325 1190 1336 1209 ‚
1361 1156 1394 1201 si
1414 1157 1520 1205 alie..

141 1234 221 1263 nos
255 1232 367 1280 opus
397 1226 460 1262 est
486 1231 744 1274 cognoscere
764 1232 926 1261 errores
944 1253 954 1271 ,
978 1217 1092 1277 erige
1115 1219 1263 1266 oculos
1281 1240 1490 1292 auresque
1505 1269 1516 1286 ‚

141 1304 218 1335 oro
240 1298 295 1345 te,
319 1286 474 1334 etvide
496 1297 623 1350 atque
647 1285 861 1343 ausculta,
884 1297 1030 1333 utrum
1052 1288 1206 1353 aliquis
1229 1293 1432 1345 adversus
1446 1319 1523 1348 nos

141 1357 195 1404 de
221 1357 482 1405 Anaximene
499 1367 541 1402 et
561 1356 614 1402 de
633 1358 882 1417 Anaxagora
903 1358 1097 1421 proferat
1120 1359 1286 1425 aliquid
1309 1384 1319 1411 :
1344 1371 1521 1431 quando

133 1433 228 1490 jam
251 1447 305 1476 ne
322 1429 518 1493 ipsorum
541 1428 720 1493 quidem
743 1429 885 1475 multo
904 1431 1217 1490 recentiorum,
1245 1438 1524 1507 multumque

139 1499 389 1564 loquacium
415 1499 665 1546 Stoicorum
696 1510 771 1545 aut
798 1500 1116 1564 Epicureorum
1136 1504 1301 1552 cineres
1325 1511 1518 1571 caleant,

139 1569 257 1617 unde
279 1570 424 1634 aliqua
453 1580 604 1616 contra
623 1569 754 1616 fidem
775 1569 1060 1618 christianam
1082 1575 1272 1622 scintilla
1288 1581 1493 1630 excitetur
1511 1605 1521 1631 z

139 1642 214 1689 sed
247 1642 402 1688 circuli
427 1653 558 1705 atque
589 1641 896 1688 conventicula
932 1643 1095 1705 partim
1119 1644 1290 1706 fugacia
1309 1687 1320 1705 ,
1358 1657 1519 1715 partim

138 1713 269 1759 etiam
298 1711 506 1758 audacter
532 1722 765 1775 prompta,
793 1711 862 1758 vel
895 1713 1245 1773 Donatistarum,
1286 1721 1354 1767 vel
1382 1725 1524 1772 Maxi-

139 1782 428 1831 mianensium
445 1818 456 1838 ‚
478 1784 545 1828 vel
574 1782 928 1829 Manichaeorum
951 1821 962 1840 ,
996 1784 1064 1831 vel
1088 1786 1217 1833 etiam
1245 1789 1298 1836 ad
1331 1809 1522 1856 quorum

137 1872 284 1915 greges
314 1853 578 1917 turbamque
600 1864 809 1901 venturus
829 1871 871 1900 es
893 1854 1154 1903 Arianorum
1173 1895 1184 1915 ,
1218 1859 1521 1912 Eunomiano-

139 1943 254 1982 rum,
275 1924 692 1971 Macedonianorum
712 1962 723 1980 ‚
750 1926 856 1971 Cata
865 1927 1155 1989 phrygarum,
1174 1941 1520 2001 caeterarumque

137 1998 325 2061 pestium
355 1994 731 2041 innumerabiliter
754 2007 1031 2060 perstrepant
1058 2016 1069 2043 ε
1100 2016 1288 2062 quorum
1322 2008 1519 2055 omnium

137 2083 300 2114 errores
330 2068 366 2113 si
385 2082 643 2126 cognoscere
665 2065 811 2129 piget,
839 2068 947 2130 quid
968 2068 1094 2114 nobis
1113 2081 1200 2126 est,
1232 2086 1413 2138 propter
1438 2078 1518 2125 de-

137 2137 372 2184 sensionem
406 2136 658 2182 christianae
694 2136 939 2196 religionis,
967 2155 1165 2201 quaerere
1190 2142 1296 2204 quid
1339 2150 1517 2195 senserit

136 2208 421 2257 Anaximenes
437 2243 448 2263 ‚
475 2217 518 2251 et
543 2205 647 2252 olim
673 2207 833 2270 sopitas
857 2207 952 2254 lites
987 2209 1106 2255 inani
1128 2211 1380 2260 curiositate
1398 2233 1518 2264 reco-

136 2297 289 2345 quere,
313 2294 416 2324 cum
435 2276 739 2342 quorumdam,
752 2277 879 2324 etiam
895 2278 1223 2337 haereticorum,
1244 2284 1322 2347 qui
1338 2288 1516 2336 nomine

137 2350 375 2398 christiano
395 2347 570 2409 gloriari
589 2347 849 2406 voluerunt,
877 2360 925 2396 ut
962 2351 1340 2401 Marcionistarum
1366 2368 1408 2403 et
1429 2359 1514 2406 Sa-

135 2421 428 2469 bellianorum
453 2456 463 2475 ,
497 2418 825 2483 multorumque
852 2431 1062 2484 praeterea
1083 2457 1094 2475 ‚
1113 2426 1207 2482 jam
1233 2423 1515 2478 dissensiones

135 2492 483 2559 quaestionesque
506 2489 726 2538 sileantur.
757 2494 919 2537 Tamen
938 2492 971 2537 si
991 2509 1101 2556 opus
1117 2504 1204 2549 est,
1231 2505 1278 2541 ut
1292 2495 1378 2544 dixi
1399 2501 1516 2547 veri-

136 2564 216 2611 tati
245 2562 515 2610 adversantes
536 2577 807 2624 praenoscere
831 2561 1023 2626 aliquas,
1053 2573 1096 2609 et
1122 2573 1402 2628 pertractatas
1427 2569 1516 2617 ha-

135 2633 238 2680 bere
262 2631 518 2686 sententias,
569 2630 622 2676 de
639 2631 857 2677 haereticis
874 2633 1019 2695 potius
1036 2669 1046 2689 ‚
1073 2634 1150 2697 qui
1181 2652 1223 2681 se
1244 2635 1513 2686 Christianos

298 2718 441 2749 cxtw.
1327 2712 1383 2766 24
