1902 3268
660 262 868 292 lit’isTOLA
912 262 1026 292 [xiv.
1473 268 1520 296 ⁶21

161 338 268 374 tram
289 327 657 392 etquerimoniam
675 328 917 374 litterarum
933 338 1168 374 vestrarum
1191 349 1201 382 ;
1220 330 1289 375 sed
1310 348 1383 393 per
1397 348 1535 378 exem-

156 399 281 462 plum
301 398 508 462 Epistola}
527 409 614 444 tuae
629 436 639 454 ,
660 398 949 444 innocentiam
966 409 1085 445 tuam
1105 400 1140 445 ei
1157 400 1347 463 perferre
1364 404 1527 449 curavi.

153 469 340 515 Litteras
370 479 513 515 autem
536 479 631 515 tuas
655 469 723 514 vel
749 467 916 533 pridie,
942 468 1009 515 vel
1044 480 1143 516 ante
1165 470 1354 517 biduum
1378 472 1534 518 natalis

154 540 335 586 Domini
365 541 540 604 accepi,
568 539 746 603 quando
784 540 908 586 illum
945 540 1171 588 insinuasti
1206 542 1259 588 ad
1295 543 1533 590 Ecclesiam

152 610 488 657 Badesilitanam
509 622 765 669 venturum,
786 629 809 657 a
832 627 918 675 qua
947 611 1103 657 timetis
1128 613 1206 658 Dei
1230 613 1401 677 plebem
1424 631 1530 660 eon-

151 681 323 728 turbari
343 691 471 745 atque
490 683 728 745 corrumpi.
757 682 1040 744 Quapropter
1058 699 1136 745 per
1153 683 1338 729 Litteras
1353 683 1531 747 quidem

153 750 314 816 alloqui
336 751 511 816 plebem
529 762 711 797 vestram
730 767 817 796 non
836 750 975 796 audeo
995 768 1006 795 ι
1029 752 1264 798 rescribere
1284 763 1429 800 autem
1452 753 1527 804 eis,

151 823 227 886 qui
261 822 373 868 mihi
407 821 671 877 scriberent,
699 837 868 884 possem
895 838 906 865 ε
939 820 1052 867 ultro
1090 832 1234 869 autem
1271 822 1324 868 ad
1358 822 1532 887 plebem

151 892 339 940 scribere
355 927 365 951 ‚
382 908 483 956 quae
500 891 811 955 dispensationi
828 907 935 937 meae
954 892 1182 939 commissa
1201 909 1289 939 non
1306 903 1395 950 est,
1417 892 1532 940 unde

149 966 348 1028 possem?

215 1035 300 1082 ΙΙΙ.
331 1033 640 1080 Verumtamen
656 1032 776 1098 quod
797 1032 878 1079 tibi
899 1033 975 1080 uni
995 1032 1121 1091 dico,
1148 1034 1226 1098 qui
1251 1034 1359 1080 mihi
1385 1035 1530 1098 scrip-

150 1105 239 1152 sisti
255 1142 267 1163 ,
294 1121 374 1170 per
392 1116 434 1151 te
454 1106 600 1169 ipsum
620 1104 845 1168 perveniat
869 1104 924 1150 ad
949 1122 1018 1150 eos
1036 1105 1198 1168 quibus
1214 1122 1326 1168 opus
1348 1116 1411 1151 est
1428 1105 1529 1153 dici.

149 1176 236 1222 Vos
262 1175 348 1240 ipsi
386 1177 508 1240 prius
541 1175 677 1221 nolite
710 1175 755 1220 in
783 1174 1038 1220 scandalum
1071 1175 1241 1220 mittere
1267 1174 1532 1227 Ecclesiam,

149 1246 330 1308 legendo
355 1247 401 1293 in
423 1246 602 1311 populis
631 1246 883 1309 Scripturas
913 1262 1022 1309 quas
1047 1263 1190 1292 canon
1222 1245 1535 1292 ecclesiasticus

148 1335 237 1364 non
272 1318 472 1381 recepit:
507 1317 576 1362 his
601 1316 716 1362 enim
751 1316 977 1372 haeretici,
1005 1327 1048 1362 et
1085 1316 1267 1362 maxime
1292 1316 1531 1363 Manichaei

147 1387 286 1435 solent
310 1388 534 1452 imperitas
558 1398 723 1433 mentes
755 1397 966 1443 evertere,
993 1403 1102 1450 quos
1125 1388 1170 1433 in
1200 1404 1360 1451 campo
1393 1398 1532 1434 vestro

147 1456 334 1506 libenter
371 1459 540 1505 latitare
575 1457 718 1506 audio,
759 1458 897 1504 Miror
938 1475 1037 1519 ergo
1076 1457 1355 1522 prudentiam
1381 1468 1527 1506 tuam.

147 1529 266 1593 quod
297 1546 366 1576 me
402 1529 681 1576 admonueris
703 1538 752 1574 ut
772 1528 952 1589 jubeam
976 1545 1064 1574 non
1087 1529 1224 1592 recipi
1249 1545 1319 1574 eos
1337 1565 1347 1584 ‚
1377 1528 1454 1591 qui
1476 1528 1529 1575 ad

145 1617 223 1647 nos
249 1619 273 1647 a
306 1600 432 1648 vobis
457 1599 512 1647 ad
537 1600 847 1646 monasterium
871 1601 1079 1655 veniunt,
1105 1610 1152 1646 ut
1171 1598 1293 1664 quod
1318 1609 1527 1644 statutum

146 1683 210 1718 est
233 1690 257 1717 a
275 1672 404 1718 nobis
423 1672 468 1718 in
488 1671 676 1718 concilio
699 1682 1001 1735 permaneret3
1023 1681 1065 1717 et
1086 1682 1134 1717 tu
1166 1687 1254 1716 non
1284 1669 1528 1716 memineris

146 1742 192 1787 in
215 1741 401 1788 concilio
425 1740 702 1788 institutum4
718 1778 727 1795 ‚
754 1758 855 1804 quae
878 1741 963 1786 sint
995 1741 1241 1804 Scriptura?
1271 1740 1496 1786 canonicae
1514 1778 1524 1788 .

145 1828 247 1876 quae
263 1812 308 1859 in
324 1812 495 1877 populo
515 1811 593 1857 Dei
612 1811 695 1870 legi
716 1810 918 1858 debeant.
943 1813 1131 1857 Rccense
1152 1827 1251 1870 ergo
1270 1809 1524 1862 concilium,

146 1892 188 1928 et
228 1882 374 1928 omnia
411 1899 512 1946 quae
552 1881 617 1926 ibi
654 1880 805 1940 legeris
838 1880 1098 1926 commenda
1123 1880 1369 1932 memoriae3
1398 1890 1440 1925 et
1464 1879 1525 1925 ibi

145 1953 274 1999 etiam
300 1953 491 1999 invenies
509 1989 520 2009 ‚
550 1951 603 1998 de
635 1951 734 1997 solis
769 1951 937 1997 clericis
972 1951 1102 1996 fuisse
1136 1950 1380 2014 statutum?
1401 1987 1411 2006 ,
1439 1966 1527 1995 nou

145 2024 274 2070 etiam
298 2023 352 2070 de
373 2023 519 2079 laicis,
550 2033 599 2069 ut
621 2021 928 2085 undecumque
949 2022 1165 2067 venientes
1189 2039 1278 2067 non
1304 2022 1528 2084 recipian-

145 2094 284 2140 turin
313 2093 637 2140 monasterium.
669 2092 766 2138 Non
796 2094 899 2156 quia
935 2092 1185 2138 monasterii
1216 2092 1329 2137 facta
1367 2093 1529 2137 mentio

145 2175 231 2223 est3
258 2164 332 2211 sed
374 2165 478 2228 quia
509 2164 570 2210 sic
613 2163 863 2209 institutum
897 2173 983 2219 est,
1022 2173 1071 2208 ut
1096 2163 1305 2209 clericum
1339 2162 1530 2208 alienum

145 2251 273 2281 nemo
297 2235 520 2298 suscipiat.
551 2234 733 2280 Recenti
772 2245 915 2279 autem
941 2233 1160 2279 concilio3
1188 2242 1398 2277 statutum
1433 2243 1496 2277 est
1517 2269 1527 2287 ‚

146 2315 196 2351 ut
212 2305 266 2351 de
286 2304 430 2369 aliquo
449 2304 710 2350 monasterio
732 2304 808 2367 qui
828 2304 1103 2359 recesserint,
1127 2302 1195 2349 vel
1220 2302 1407 2366 projecti
1429 2301 1530 2348 fue-

145 2376 262 2431 rint,
289 2391 375 2421 non
399 2376 507 2421 fiant
521 2373 627 2420 alibi
645 2374 880 2420 clericiaut
899 2373 1129 2437 praepositi
1147 2373 1523 2419 monasteriorum.

147 2445 193 2492 Si
207 2462 306 2506 ergo
326 2445 379 2492 de
394 2443 672 2492 Privationel·
694 2455 732 2490 te
751 2444 917 2507 aliquid
936 2444 1100 2501 movit,
1123 2443 1231 2489 scias
1246 2460 1344 2489 eum
1363 2461 1385 2488 a
1403 2443 1530 2488 nobis

195 2544 206 2567 ¹
227 2544 428 2589 Hipponensi
450 2555 501 2579 an,
520 2546 598 2586 393.
616 2555 687 2577 can.
707 2544 760 2575 38.
780 2551 810 2575 et
829 2543 942 2578 Carth.
968 2545 998 2577 3.
1016 2555 1069 2578 an.
1089 2545 1167 2586 397.
1186 2553 1256 2577 can.
1281 2550 1338 2583 47.
1357 2541 1528 2574 ——21bi‹l.

147 2610 220 2635 can.
245 2612 301 2636 21.
320 2618 365 2625 --
384 2598 398 2625 3
412 2600 601 2643 Carthagine
614 2600 724 2633 habito
745 2601 798 2634 13.
818 2603 903 2644 sept.
919 2611 969 2633 an.
986 2606 1062 2639 ἠοῖ.
1080 2618 1126 2625 -
1143 2597 1157 2622 3
1174 2596 1275 2631 Forte
1291 2598 1490 2632 Privatiano.
