<?xml version="1.0" encoding="UTF-8"?>
<!DOCTYPE html PUBLIC "-//W3C//DTD XHTML 1.0 Transitional//EN"
    "http://www.w3.org/TR/xhtml1/DTD/xhtml1-transitional.dtd">
<html xmlns="http://www.w3.org/1999/xhtml" xml:lang="en" lang="en">
 <head>
  <title>
</title>
<meta http-equiv="Content-Type" content="text/html;charset=utf-8" />
  <meta name='ocr-system' content='tesseract 3.04.00' />
  <meta name='ocr-capabilities' content='ocr_page ocr_carea ocr_par ocr_line ocrx_word'/>
</head>
<body>
  <div class='ocr_page' id='page_1' title='image "./operaomniaaccura39auguuoft/operaomniaaccura39auguuoft_0468.png"; bbox 0 0 1902 3268; ppageno 0'>
   <div class='ocr_carea' id='block_1_1' title="bbox 379 304 1373 361">
    <p class='ocr_par' dir='ltr' id='par_1_1' title="bbox 379 304 1373 361">
     <span class='ocr_line' id='line_1_1' title="bbox 379 304 1373 361; baseline -0.017 0"><span class='ocrx_word' id='word_1_1' title='bbox 379 304 475 361; x_wconf 76' lang='grc'>458</span> <span class='ocrx_word' id='word_1_2' title='bbox 805 318 842 350; x_wconf 85' lang='lat' dir='ltr'>s.</span> <span class='ocrx_word' id='word_1_3' title='bbox 883 316 1130 350; x_wconf 65' lang='lat' dir='ltr'>mensa-ml</span> <span class='ocrx_word' id='word_1_4' title='bbox 1165 314 1373 348; x_wconf 77' lang='lat' dir='ltr'>EPISCOPI</span> 
     </span>
    </p>
   </div>
   <div class='ocr_carea' id='block_1_2' title="bbox 378 379 1773 2699">
    <p class='ocr_par' dir='ltr' id='par_1_2' title="bbox 380 379 1767 660">
     <span class='ocr_line' id='line_1_2' title="bbox 380 379 1765 449; baseline -0.003 -17"><span class='ocrx_word' id='word_1_5' title='bbox 380 383 578 449; x_wconf 86' lang='lat' dir='ltr'>deposita</span> <span class='ocrx_word' id='word_1_6' title='bbox 598 383 837 445; x_wconf 80' lang='lat' dir='ltr'>collegerit,</span> <span class='ocrx_word' id='word_1_7' title='bbox 864 400 999 446; x_wconf 90' lang='lat' dir='ltr'>quam</span> <span class='ocrx_word' id='word_1_8' title='bbox 1023 391 1188 428; x_wconf 89' lang='lat' dir='ltr'>retenta</span> <span class='ocrx_word' id='word_1_9' title='bbox 1226 379 1489 444; x_wconf 80' lang='lat' dir='ltr'>disperserit.</span> <span class='ocrx_word' id='word_1_10' title='bbox 1532 379 1643 436; x_wconf 82' lang='lat' dir='ltr'>Nam</span> <span class='ocrx_word' id='word_1_11' title='bbox 1675 397 1765 445; x_wconf 64' lang='lat' dir='ltr'>,qua</span> 
     </span>
     <span class='ocr_line' id='line_1_3' title="bbox 381 450 1763 516; baseline -0.004 -14"><span class='ocrx_word' id='word_1_12' title='bbox 381 455 523 502; x_wconf 87' lang='lat' dir='ltr'>fronte</span> <span class='ocrx_word' id='word_1_13' title='bbox 539 455 583 501; x_wconf 92' lang='lat' dir='ltr'>in</span> <span class='ocrx_word' id='word_1_14' title='bbox 596 454 749 500; x_wconf 88' lang='lat' dir='ltr'>futuro</span> <span class='ocrx_word' id='word_1_15' title='bbox 771 453 933 499; x_wconf 87' lang='lat' dir='ltr'>saeculo</span> <span class='ocrx_word' id='word_1_16' title='bbox 955 452 1219 516; x_wconf 83' lang='lat' dir='ltr'>promissum</span> <span class='ocrx_word' id='word_1_17' title='bbox 1240 468 1264 496; x_wconf 87' lang='lat' dir='ltr'>a</span> <span class='ocrx_word' id='word_1_18' title='bbox 1288 450 1465 497; x_wconf 83' lang='lat' dir='ltr'>Christo</span> <span class='ocrx_word' id='word_1_19' title='bbox 1489 451 1763 515; x_wconf 84' lang='lat' dir='ltr'><strong>sperabimus</strong></span> 
     </span>
     <span class='ocr_line' id='line_1_4' title="bbox 381 520 1767 576; baseline -0.004 -3"><span class='ocrx_word' id='word_1_20' title='bbox 381 526 614 576; x_wconf 82' lang='lat' dir='ltr'>honorem,</span> <span class='ocrx_word' id='word_1_21' title='bbox 638 525 672 570; x_wconf 93' lang='lat' dir='ltr'>si</span> <span class='ocrx_word' id='word_1_22' title='bbox 695 523 989 570; x_wconf 83' lang='lat' dir='ltr'>Christianam</span> <span class='ocrx_word' id='word_1_23' title='bbox 1016 523 1061 569; x_wconf 90' lang='lat' dir='ltr'>in</span> <span class='ocrx_word' id='word_1_24' title='bbox 1080 522 1168 570; x_wconf 92' lang='lat' dir='ltr'>hoc</span> <span class='ocrx_word' id='word_1_25' title='bbox 1191 520 1351 567; x_wconf 86' lang='lat' dir='ltr'>saeculo</span> <span class='ocrx_word' id='word_1_26' title='bbox 1368 532 1512 568; x_wconf 88' lang='lat' dir='ltr'>noster</span> <span class='ocrx_word' id='word_1_27' title='bbox 1527 522 1670 568; x_wconf 91' lang='lat' dir='ltr'>honor</span> <span class='ocrx_word' id='word_1_28' title='bbox 1686 521 1767 568; x_wconf 88' lang='lat' dir='ltr'>im·</span> 
     </span>
     <span class='ocr_line' id='line_1_5' title="bbox 381 595 768 660; baseline -0.005 -18"><span class='ocrx_word' id='word_1_29' title='bbox 381 596 505 660; x_wconf 90' lang='lat' dir='ltr'>pedit</span> <span class='ocrx_word' id='word_1_30' title='bbox 527 595 768 641; x_wconf 74' lang='lat' dir='ltr'>unitatem?</span> 
     </span>
    </p>

    <p class='ocr_par' dir='ltr' id='par_1_3' title="bbox 378 661 1773 2639">
     <span class='ocr_line' id='line_1_6' title="bbox 448 661 1767 730; baseline -0.004 -17"><span class='ocrx_word' id='word_1_31' title='bbox 448 667 523 715; x_wconf 79' lang='lat' dir='ltr'>JV.</span> <span class='ocrx_word' id='word_1_32' title='bbox 555 667 664 714; x_wconf 86' lang='lat' dir='ltr'>Haec</span> <span class='ocrx_word' id='word_1_33' title='bbox 683 675 913 730; x_wconf 87' lang='lat' dir='ltr'>propterea</span> <span class='ocrx_word' id='word_1_34' title='bbox 938 663 1204 729; x_wconf 78' lang='lat' dir='ltr'>praestantiae</span> <span class='ocrx_word' id='word_1_35' title='bbox 1223 673 1310 709; x_wconf 88' lang='lat' dir='ltr'>tuae</span> <span class='ocrx_word' id='word_1_36' title='bbox 1335 662 1568 709; x_wconf 87' lang='lat' dir='ltr'>scribenda</span> <span class='ocrx_word' id='word_1_37' title='bbox 1590 661 1767 708; x_wconf 88' lang='lat' dir='ltr'>curavi-</span> 
     </span>
     <span class='ocr_line' id='line_1_7' title="bbox 385 731 1768 801; baseline -0.006 -16"><span class='ocrx_word' id='word_1_38' title='bbox 385 755 500 794; x_wconf 88' lang='lat' dir='ltr'><strong>mus,</strong></span> <span class='ocrx_word' id='word_1_39' title='bbox 529 748 579 784; x_wconf 90' lang='lat' dir='ltr'>ut</span> <span class='ocrx_word' id='word_1_40' title='bbox 595 748 637 783; x_wconf 90' lang='lat' dir='ltr'>et</span> <span class='ocrx_word' id='word_1_41' title='bbox 654 754 731 801; x_wconf 91' lang='lat' dir='ltr'>per</span> <span class='ocrx_word' id='word_1_42' title='bbox 755 747 795 782; x_wconf 88' lang='lat' dir='ltr'>te</span> <span class='ocrx_word' id='word_1_43' title='bbox 815 735 1088 782; x_wconf 84' lang='lat' dir='ltr'>innotescant</span> <span class='ocrx_word' id='word_1_44' title='bbox 1107 733 1327 780; x_wconf 81' lang='lat' dir='ltr'>omnibuS.</span> <span class='ocrx_word' id='word_1_45' title='bbox 1355 733 1633 788; x_wconf 83' lang='lat' dir='ltr'>Postulamus</span> <span class='ocrx_word' id='word_1_46' title='bbox 1657 742 1705 778; x_wconf 90' lang='lat' dir='ltr'>ut</span> <span class='ocrx_word' id='word_1_47' title='bbox 1721 731 1768 789; x_wconf 90' lang='lat' dir='ltr'>in</span> 
     </span>
     <span class='ocr_line' id='line_1_8' title="bbox 385 802 1768 870; baseline -0.007 -13"><span class='ocrx_word' id='word_1_48' title='bbox 385 809 604 870; x_wconf 89' lang='lat' dir='ltr'>adjutorio</span> <span class='ocrx_word' id='word_1_49' title='bbox 629 807 807 855; x_wconf 85' lang='lat' dir='ltr'>Domini</span> <span class='ocrx_word' id='word_1_50' title='bbox 820 807 899 853; x_wconf 90' lang='lat' dir='ltr'>Dei</span> <span class='ocrx_word' id='word_1_51' title='bbox 918 806 1072 862; x_wconf 79' lang='lat' dir='ltr'>nostri,</span> <span class='ocrx_word' id='word_1_52' title='bbox 1093 822 1180 869; x_wconf 85' lang='lat' dir='ltr'>quo</span> <span class='ocrx_word' id='word_1_53' title='bbox 1200 804 1458 850; x_wconf 78' lang='lat' dir='ltr'>admonente</span> <span class='ocrx_word' id='word_1_54' title='bbox 1480 804 1561 859; x_wconf 82' lang='lat' dir='ltr'>ista</span> <span class='ocrx_word' id='word_1_55' title='bbox 1583 802 1768 868; x_wconf 53' lang='lat' dir='ltr'>promit?</span> 
     </span>
     <span class='ocr_line' id='line_1_9' title="bbox 378 874 1763 942; baseline -0.004 -16"><span class='ocrx_word' id='word_1_56' title='bbox 378 881 530 937; x_wconf 81' lang='lat' dir='ltr'>timus,</span> <span class='ocrx_word' id='word_1_57' title='bbox 565 890 607 925; x_wconf 87' lang='lat' dir='ltr'>et</span> <span class='ocrx_word' id='word_1_58' title='bbox 628 896 716 942; x_wconf 89' lang='lat' dir='ltr'>quo</span> <span class='ocrx_word' id='word_1_59' title='bbox 738 878 972 938; x_wconf 79' lang='lat' dir='ltr'>adjuvante</span> <span class='ocrx_word' id='word_1_60' title='bbox 994 894 1072 923; x_wconf 91' lang='lat' dir='ltr'>nos</span> <span class='ocrx_word' id='word_1_61' title='bbox 1103 874 1286 940; x_wconf 88' lang='lat' dir='ltr'>implere</span> <span class='ocrx_word' id='word_1_62' title='bbox 1315 891 1442 939; x_wconf 87' lang='lat' dir='ltr'>posse</span> <span class='ocrx_word' id='word_1_63' title='bbox 1471 874 1734 924; x_wconf 87' lang='lat' dir='ltr'>confidimus</span> <span class='ocrx_word' id='word_1_64' title='bbox 1752 910 1763 930; x_wconf 91' lang='lat'><strong>,</strong></span> 
     </span>
     <span class='ocr_line' id='line_1_10' title="bbox 384 944 1766 1010; baseline -0.003 -15"><span class='ocrx_word' id='word_1_65' title='bbox 384 951 514 996; x_wconf 89' lang='lat' dir='ltr'>etiam</span> <span class='ocrx_word' id='word_1_66' title='bbox 543 960 642 995; x_wconf 89' lang='lat' dir='ltr'>ante</span> <span class='ocrx_word' id='word_1_67' title='bbox 667 948 960 1001; x_wconf 86' lang='lat' dir='ltr'>collationem.</span> <span class='ocrx_word' id='word_1_68' title='bbox 1006 948 1040 994; x_wconf 89' lang='lat' dir='ltr'>si</span> <span class='ocrx_word' id='word_1_69' title='bbox 1060 947 1152 994; x_wconf 87' lang='lat' dir='ltr'>fieri</span> <span class='ocrx_word' id='word_1_70' title='bbox 1189 957 1351 1010; x_wconf 86' lang='lat' dir='ltr'>potest,</span> <span class='ocrx_word' id='word_1_71' title='bbox 1377 944 1512 992; x_wconf 82' lang='lat' dir='ltr'>corda</span> <span class='ocrx_word' id='word_1_72' title='bbox 1532 944 1766 992; x_wconf 90' lang='lat' dir='ltr'>hominum</span> 
     </span>
     <span class='ocr_line' id='line_1_11' title="bbox 386 1014 1762 1081; baseline -0.002 -16"><span class='ocrx_word' id='word_1_73' title='bbox 386 1019 453 1065; x_wconf 91' lang='lat' dir='ltr'>vel</span> <span class='ocrx_word' id='word_1_74' title='bbox 470 1020 662 1075; x_wconf 86' lang='lat' dir='ltr'>infirma,</span> <span class='ocrx_word' id='word_1_75' title='bbox 686 1018 755 1065; x_wconf 88' lang='lat' dir='ltr'>vel</span> <span class='ocrx_word' id='word_1_76' title='bbox 772 1018 900 1075; x_wconf 85' lang='lat' dir='ltr'>dura,</span> <span class='ocrx_word' id='word_1_77' title='bbox 927 1018 1000 1081; x_wconf 89' lang='lat' dir='ltr'>pia</span> <span class='ocrx_word' id='word_1_78' title='bbox 1016 1018 1206 1064; x_wconf 84' lang='lat' dir='ltr'>charitas</span> <span class='ocrx_word' id='word_1_79' title='bbox 1229 1027 1303 1063; x_wconf 87' lang='lat' dir='ltr'>aut</span> <span class='ocrx_word' id='word_1_80' title='bbox 1320 1027 1455 1075; x_wconf 82' lang='lat' dir='ltr'>sanet,</span> <span class='ocrx_word' id='word_1_81' title='bbox 1484 1014 1558 1063; x_wconf 86' lang='lat' dir='ltr'>aut</span> <span class='ocrx_word' id='word_1_82' title='bbox 1576 1015 1762 1066; x_wconf 83' lang='lat' dir='ltr'>edomet.</span> 
     </span>
     <span class='ocr_line' id='line_1_12' title="bbox 390 1085 1768 1153; baseline -0.004 -17"><span class='ocrx_word' id='word_1_83' title='bbox 390 1093 451 1135; x_wconf 91' lang='lat' dir='ltr'>Ac</span> <span class='ocrx_word' id='word_1_84' title='bbox 479 1090 540 1136; x_wconf 91' lang='lat' dir='ltr'>sic</span> <span class='ocrx_word' id='word_1_85' title='bbox 553 1093 643 1150; x_wconf 85' lang='lat' dir='ltr'>jam</span> <span class='ocrx_word' id='word_1_86' title='bbox 668 1089 867 1153; x_wconf 86' lang='lat' dir='ltr'>pacificis</span> <span class='ocrx_word' id='word_1_87' title='bbox 893 1089 1112 1134; x_wconf 87' lang='lat' dir='ltr'>mentibus</span> <span class='ocrx_word' id='word_1_88' title='bbox 1130 1104 1218 1133; x_wconf 91' lang='lat' dir='ltr'>non</span> <span class='ocrx_word' id='word_1_89' title='bbox 1238 1087 1483 1133; x_wconf 76' lang='lat' dir='ltr'>resistamus</span> <span class='ocrx_word' id='word_1_90' title='bbox 1506 1085 1768 1132; x_wconf 88' lang='lat' dir='ltr'>manifestis-</span> 
     </span>
     <span class='ocr_line' id='line_1_13' title="bbox 387 1156 1770 1224; baseline -0.004 -18"><span class='ocrx_word' id='word_1_91' title='bbox 387 1161 508 1207; x_wconf 83' lang='lat' dir='ltr'>simae</span> <span class='ocrx_word' id='word_1_92' title='bbox 531 1160 720 1216; x_wconf 85' lang='lat' dir='ltr'>veritati,</span> <span class='ocrx_word' id='word_1_93' title='bbox 744 1170 786 1206; x_wconf 86' lang='lat' dir='ltr'>et</span> <span class='ocrx_word' id='word_1_94' title='bbox 809 1159 1153 1224; x_wconf 87' lang='lat' dir='ltr'>disputationem</span> <span class='ocrx_word' id='word_1_95' title='bbox 1173 1169 1364 1204; x_wconf 87' lang='lat' dir='ltr'>nostram</span> <span class='ocrx_word' id='word_1_96' title='bbox 1384 1157 1451 1204; x_wconf 88' lang='lat' dir='ltr'>vel</span> <span class='ocrx_word' id='word_1_97' title='bbox 1469 1156 1770 1221; x_wconf 75' lang='lat' dir='ltr'>praecedamus</span> 
     </span>
     <span class='ocr_line' id='line_1_14' title="bbox 387 1227 1767 1294; baseline -0.003 -17"><span class='ocrx_word' id='word_1_98' title='bbox 387 1230 622 1277; x_wconf 88' lang='lat' dir='ltr'>concordia</span> <span class='ocrx_word' id='word_1_99' title='bbox 635 1230 700 1277; x_wconf 88' lang='lat' dir='ltr'>vel</span> <span class='ocrx_word' id='word_1_100' title='bbox 719 1247 967 1294; x_wconf 88' lang='lat' dir='ltr'>sequamur.</span> <span class='ocrx_word' id='word_1_101' title='bbox 992 1230 1142 1294; x_wconf 81' lang='lat' dir='ltr'>Neque</span> <span class='ocrx_word' id='word_1_102' title='bbox 1162 1230 1276 1275; x_wconf 88' lang='lat' dir='ltr'>enim</span> <span class='ocrx_word' id='word_1_103' title='bbox 1297 1228 1527 1291; x_wconf 87' lang='lat' dir='ltr'>desperare</span> <span class='ocrx_word' id='word_1_104' title='bbox 1541 1227 1767 1284; x_wconf 85' lang='lat' dir='ltr'>debemus,</span> 
     </span>
     <span class='ocr_line' id='line_1_15' title="bbox 384 1297 1770 1363; baseline -0.002 -16"><span class='ocrx_word' id='word_1_105' title='bbox 384 1301 418 1347; x_wconf 87' lang='lat' dir='ltr'>si</span> <span class='ocrx_word' id='word_1_106' title='bbox 432 1302 628 1348; x_wconf 85' lang='lat' dir='ltr'>recolunt</span> <span class='ocrx_word' id='word_1_107' title='bbox 649 1319 660 1347; x_wconf 74' lang='lat' dir='ltr'><em>z</em></span> <span class='ocrx_word' id='word_1_108' title='bbox 682 1322 701 1342; x_wconf 84' lang='lat'>&lt;‹</span> <span class='ocrx_word' id='word_1_109' title='bbox 724 1301 885 1347; x_wconf 80' lang='lat' dir='ltr'>Beatos</span> <span class='ocrx_word' id='word_1_110' title='bbox 902 1318 989 1346; x_wconf 89' lang='lat' dir='ltr'>esse</span> <span class='ocrx_word' id='word_1_111' title='bbox 1006 1300 1215 1363; x_wconf 81' lang='lat' dir='ltr'>pacificos</span> <span class='ocrx_word' id='word_1_112' title='bbox 1237 1299 1446 1363; x_wconf 78' lang='lat' dir='ltr'>quoniam</span> <span class='ocrx_word' id='word_1_113' title='bbox 1466 1299 1550 1362; x_wconf 73' lang='lat' dir='ltr'>ipsi</span> <span class='ocrx_word' id='word_1_114' title='bbox 1569 1298 1665 1344; x_wconf 85' lang='lat' dir='ltr'>Filii</span> <span class='ocrx_word' id='word_1_115' title='bbox 1689 1297 1770 1351; x_wconf 87' lang='lat' dir='ltr'>Dei</span> 
     </span>
     <span class='ocr_line' id='line_1_16' title="bbox 387 1368 1772 1430; baseline -0.004 -11"><span class='ocrx_word' id='word_1_116' title='bbox 387 1372 705 1420; x_wconf 87' lang='lat' dir='ltr'>»vocabuntur</span> <span class='ocrx_word' id='word_1_117' title='bbox 722 1370 758 1428; x_wconf 69' lang='lat'>1,</span> <span class='ocrx_word' id='word_1_118' title='bbox 779 1393 799 1413; x_wconf 89' lang='lat'>›&gt;</span> <span class='ocrx_word' id='word_1_119' title='bbox 824 1371 962 1418; x_wconf 90' lang='lat' dir='ltr'>multo</span> <span class='ocrx_word' id='word_1_120' title='bbox 990 1371 1164 1430; x_wconf 86' lang='lat' dir='ltr'>dignius</span> <span class='ocrx_word' id='word_1_121' title='bbox 1182 1370 1220 1416; x_wconf 93' lang='lat' dir='ltr'>ei</span> <span class='ocrx_word' id='word_1_122' title='bbox 1253 1369 1424 1416; x_wconf 79' lang='lat' dir='ltr'>facilius</span> <span class='ocrx_word' id='word_1_123' title='bbox 1453 1387 1523 1416; x_wconf 90' lang='lat' dir='ltr'>eos</span> <span class='ocrx_word' id='word_1_124' title='bbox 1551 1368 1677 1425; x_wconf 89' lang='lat' dir='ltr'>velle,</span> <span class='ocrx_word' id='word_1_125' title='bbox 1722 1378 1772 1414; x_wconf 86' lang='lat' dir='ltr'>ut</span> 
     </span>
     <span class='ocr_line' id='line_1_17' title="bbox 387 1440 1771 1506; baseline -0.004 -17"><span class='ocrx_word' id='word_1_126' title='bbox 387 1460 488 1506; x_wconf 87' lang='lat' dir='ltr'>pars</span> <span class='ocrx_word' id='word_1_127' title='bbox 511 1443 671 1488; x_wconf 87' lang='lat' dir='ltr'>Donati</span> <span class='ocrx_word' id='word_1_128' title='bbox 692 1442 891 1488; x_wconf 86' lang='lat' dir='ltr'>universo</span> <span class='ocrx_word' id='word_1_129' title='bbox 912 1442 1010 1488; x_wconf 87' lang='lat' dir='ltr'>orbi</span> <span class='ocrx_word' id='word_1_130' title='bbox 1034 1441 1286 1487; x_wconf 85' lang='lat' dir='ltr'>Christiano</span> <span class='ocrx_word' id='word_1_131' title='bbox 1306 1440 1622 1496; x_wconf 80' lang='lat' dir='ltr'>reconcilietur,</span> <span class='ocrx_word' id='word_1_132' title='bbox 1636 1455 1771 1503; x_wconf 88' lang='lat' dir='ltr'>quam</span> 
     </span>
     <span class='ocr_line' id='line_1_18' title="bbox 389 1510 1766 1574; baseline -0.004 -15"><span class='ocrx_word' id='word_1_133' title='bbox 389 1513 612 1559; x_wconf 83' lang='lat' dir='ltr'>universus</span> <span class='ocrx_word' id='word_1_134' title='bbox 631 1512 749 1558; x_wconf 85' lang='lat' dir='ltr'>orbis</span> <span class='ocrx_word' id='word_1_135' title='bbox 769 1512 1047 1558; x_wconf 76' lang='lat' dir='ltr'>Christianus</span> <span class='ocrx_word' id='word_1_136' title='bbox 1073 1529 1096 1556; x_wconf 81' lang='lat' dir='ltr'>a</span> <span class='ocrx_word' id='word_1_137' title='bbox 1120 1521 1242 1574; x_wconf 87' lang='lat' dir='ltr'>parte</span> <span class='ocrx_word' id='word_1_138' title='bbox 1260 1511 1421 1557; x_wconf 89' lang='lat' dir='ltr'>Donati</span> <span class='ocrx_word' id='word_1_139' title='bbox 1446 1510 1766 1574; x_wconf 83' lang='lat' dir='ltr'>rebaptizetur:</span> 
     </span>
     <span class='ocr_line' id='line_1_19' title="bbox 388 1580 1770 1648; baseline -0.004 -18"><span class='ocrx_word' id='word_1_140' title='bbox 388 1601 490 1630; x_wconf 89' lang='lat' dir='ltr'>cum</span> <span class='ocrx_word' id='word_1_141' title='bbox 512 1584 755 1648; x_wconf 76' lang='lat' dir='ltr'>praesertim</span> <span class='ocrx_word' id='word_1_142' title='bbox 779 1582 831 1628; x_wconf 87' lang='lat' dir='ltr'>de</span> <span class='ocrx_word' id='word_1_143' title='bbox 852 1582 1098 1629; x_wconf 76' lang='lat' dir='ltr'>Maximiani</span> <span class='ocrx_word' id='word_1_144' title='bbox 1118 1582 1325 1642; x_wconf 84' lang='lat' dir='ltr'>sacrilego</span> <span class='ocrx_word' id='word_1_145' title='bbox 1344 1592 1385 1627; x_wconf 89' lang='lat' dir='ltr'>et</span> <span class='ocrx_word' id='word_1_146' title='bbox 1405 1581 1612 1627; x_wconf 86' lang='lat' dir='ltr'>damnato</span> <span class='ocrx_word' id='word_1_147' title='bbox 1627 1580 1770 1632; x_wconf 58' lang='lat' dir='ltr'>schisr</span> 
     </span>
     <span class='ocr_line' id='line_1_20' title="bbox 389 1653 1771 1716; baseline -0.004 -16"><span class='ocrx_word' id='word_1_148' title='bbox 389 1666 503 1700; x_wconf 87' lang='lat' dir='ltr'>mate</span> <span class='ocrx_word' id='word_1_149' title='bbox 527 1654 761 1709; x_wconf 77' lang='lat' dir='ltr'>venientes,</span> <span class='ocrx_word' id='word_1_150' title='bbox 785 1671 894 1716; x_wconf 89' lang='lat' dir='ltr'>quos</span> <span class='ocrx_word' id='word_1_151' title='bbox 929 1653 1057 1698; x_wconf 88' lang='lat' dir='ltr'>etiam</span> <span class='ocrx_word' id='word_1_152' title='bbox 1098 1663 1365 1697; x_wconf 87' lang='lat' dir='ltr'>terrenarum</span> <span class='ocrx_word' id='word_1_153' title='bbox 1389 1662 1655 1715; x_wconf 84' lang='lat' dir='ltr'>potestatum</span> <span class='ocrx_word' id='word_1_154' title='bbox 1672 1653 1771 1709; x_wconf 61' lang='lat' dir='ltr'>jus:-</span> 
     </span>
     <span class='ocr_line' id='line_1_21' title="bbox 390 1722 1772 1777; baseline -0.003 -6"><span class='ocrx_word' id='word_1_155' title='bbox 390 1726 586 1771; x_wconf 89' lang='lat' dir='ltr'>sionibus</span> <span class='ocrx_word' id='word_1_156' title='bbox 610 1724 867 1771; x_wconf 85' lang='lat' dir='ltr'>insectando</span> <span class='ocrx_word' id='word_1_157' title='bbox 892 1723 1124 1770; x_wconf 83' lang='lat' dir='ltr'>emendare</span> <span class='ocrx_word' id='word_1_158' title='bbox 1147 1733 1359 1777; x_wconf 82' lang='lat' dir='ltr'>curarunt</span> <span class='ocrx_word' id='word_1_159' title='bbox 1394 1733 1512 1768; x_wconf 88' lang='lat' dir='ltr'>tanta</span> <span class='ocrx_word' id='word_1_160' title='bbox 1539 1722 1772 1768; x_wconf 79' lang='lat' dir='ltr'>dilectione</span> 
     </span>
     <span class='ocr_line' id='line_1_22' title="bbox 389 1791 1772 1860; baseline -0.002 -18"><span class='ocrx_word' id='word_1_161' title='bbox 389 1797 667 1860; x_wconf 82' lang='lat' dir='ltr'>quaesierint,</span> <span class='ocrx_word' id='word_1_162' title='bbox 706 1806 753 1841; x_wconf 90' lang='lat' dir='ltr'>ut</span> <span class='ocrx_word' id='word_1_163' title='bbox 777 1813 856 1841; x_wconf 89' lang='lat' dir='ltr'>nec</span> <span class='ocrx_word' id='word_1_164' title='bbox 898 1795 1171 1859; x_wconf 83' lang='lat' dir='ltr'>baptismum</span> <span class='ocrx_word' id='word_1_165' title='bbox 1198 1794 1253 1840; x_wconf 86' lang='lat' dir='ltr'>ab</span> <span class='ocrx_word' id='word_1_166' title='bbox 1284 1794 1342 1839; x_wconf 92' lang='lat' dir='ltr'>eis</span> <span class='ocrx_word' id='word_1_167' title='bbox 1360 1793 1511 1839; x_wconf 86' lang='lat' dir='ltr'>datum</span> <span class='ocrx_word' id='word_1_168' title='bbox 1531 1791 1772 1847; x_wconf 76' lang='lat' dir='ltr'>rescindere</span> 
     </span>
     <span class='ocr_line' id='line_1_23' title="bbox 391 1862 1773 1930; baseline -0.004 -17"><span class='ocrx_word' id='word_1_169' title='bbox 391 1867 615 1922; x_wconf 83' lang='lat' dir='ltr'>auderent,</span> <span class='ocrx_word' id='word_1_170' title='bbox 637 1865 906 1930; x_wconf 85' lang='lat' dir='ltr'>etquosdam</span> <span class='ocrx_word' id='word_1_171' title='bbox 927 1882 1077 1911; x_wconf 88' lang='lat' dir='ltr'>eorum</span> <span class='ocrx_word' id='word_1_172' title='bbox 1105 1864 1351 1919; x_wconf 79' lang='lat' dir='ltr'>damnatos,</span> <span class='ocrx_word' id='word_1_173' title='bbox 1376 1864 1465 1909; x_wconf 92' lang='lat' dir='ltr'>sine</span> <span class='ocrx_word' id='word_1_174' title='bbox 1492 1862 1578 1909; x_wconf 86' lang='lat' dir='ltr'>ulla</span> <span class='ocrx_word' id='word_1_175' title='bbox 1595 1862 1773 1908; x_wconf 87' lang='lat' dir='ltr'>honoris</span> 
     </span>
     <span class='ocr_line' id='line_1_24' title="bbox 388 1932 1773 2000; baseline -0.004 -16"><span class='ocrx_word' id='word_1_176' title='bbox 388 1955 538 1985; x_wconf 89' lang='lat' dir='ltr'>eorum</span> <span class='ocrx_word' id='word_1_177' title='bbox 573 1937 863 1984; x_wconf 85' lang='lat' dir='ltr'>diminutione</span> <span class='ocrx_word' id='word_1_178' title='bbox 895 1937 1181 2000; x_wconf 86' lang='lat' dir='ltr'>susciperent,</span> <span class='ocrx_word' id='word_1_179' title='bbox 1220 1934 1430 1998; x_wconf 87' lang='lat' dir='ltr'>quosdam</span> <span class='ocrx_word' id='word_1_180' title='bbox 1456 1951 1557 1979; x_wconf 87' lang='lat' dir='ltr'>vero</span> <span class='ocrx_word' id='word_1_181' title='bbox 1590 1933 1634 1979; x_wconf 89' lang='lat' dir='ltr'>in</span> <span class='ocrx_word' id='word_1_182' title='bbox 1658 1932 1773 1984; x_wconf 87' lang='lat' dir='ltr'>illius</span> 
     </span>
     <span class='ocr_line' id='line_1_25' title="bbox 385 2005 1772 2072; baseline -0.005 -16"><span class='ocrx_word' id='word_1_183' title='bbox 385 2010 646 2056; x_wconf 85' lang='lat' dir='ltr'>discissionis</span> <span class='ocrx_word' id='word_1_184' title='bbox 678 2010 882 2054; x_wconf 81' lang='lat' dir='ltr'>societate</span> <span class='ocrx_word' id='word_1_185' title='bbox 910 2008 1166 2072; x_wconf 82' lang='lat' dir='ltr'>impollutos</span> <span class='ocrx_word' id='word_1_186' title='bbox 1192 2006 1321 2052; x_wconf 84' lang='lat' dir='ltr'>fuisse</span> <span class='ocrx_word' id='word_1_187' title='bbox 1370 2015 1604 2051; x_wconf 80' lang='lat' dir='ltr'>censerent.</span> <span class='ocrx_word' id='word_1_188' title='bbox 1645 2005 1772 2061; x_wconf 83' lang='lat' dir='ltr'>Quo-</span> 
     </span>
     <span class='ocr_line' id='line_1_26' title="bbox 389 2075 1772 2130; baseline -0.004 -5"><span class='ocrx_word' id='word_1_189' title='bbox 389 2097 487 2125; x_wconf 88' lang='lat' dir='ltr'>rum</span> <span class='ocrx_word' id='word_1_190' title='bbox 511 2080 621 2125; x_wconf 89' lang='lat' dir='ltr'>inter</span> <span class='ocrx_word' id='word_1_191' title='bbox 645 2096 688 2125; x_wconf 88' lang='lat' dir='ltr'>se</span> <span class='ocrx_word' id='word_1_192' title='bbox 718 2078 969 2124; x_wconf 75' lang='lat' dir='ltr'>concordiae</span> <span class='ocrx_word' id='word_1_193' title='bbox 1011 2095 1096 2123; x_wconf 87' lang='lat' dir='ltr'>non</span> <span class='ocrx_word' id='word_1_194' title='bbox 1140 2076 1415 2130; x_wconf 77' lang='lat' dir='ltr'>invidemus3</span> <span class='ocrx_word' id='word_1_195' title='bbox 1454 2075 1527 2121; x_wconf 90' lang='lat' dir='ltr'>sed</span> <span class='ocrx_word' id='word_1_196' title='bbox 1565 2091 1635 2121; x_wconf 88' lang='lat' dir='ltr'>eos</span> <span class='ocrx_word' id='word_1_197' title='bbox 1658 2084 1772 2120; x_wconf 84' lang='lat' dir='ltr'>certe</span> 
     </span>
     <span class='ocr_line' id='line_1_27' title="bbox 387 2145 1769 2214; baseline -0.004 -18"><span class='ocrx_word' id='word_1_198' title='bbox 387 2161 560 2214; x_wconf 86' lang='lat' dir='ltr'>oportet</span> <span class='ocrx_word' id='word_1_199' title='bbox 578 2149 815 2204; x_wconf 77' lang='lat' dir='ltr'>advertere,</span> <span class='ocrx_word' id='word_1_200' title='bbox 833 2166 965 2213; x_wconf 88' lang='lat' dir='ltr'>quam</span> <span class='ocrx_word' id='word_1_201' title='bbox 982 2149 1052 2213; x_wconf 88' lang='lat' dir='ltr'>pie</span> <span class='ocrx_word' id='word_1_202' title='bbox 1070 2159 1188 2194; x_wconf 87' lang='lat' dir='ltr'>tanto</span> <span class='ocrx_word' id='word_1_203' title='bbox 1211 2147 1354 2194; x_wconf 87' lang='lat' dir='ltr'>studio</span> <span class='ocrx_word' id='word_1_204' title='bbox 1378 2163 1551 2193; x_wconf 89' lang='lat' dir='ltr'>ramum</span> <span class='ocrx_word' id='word_1_205' title='bbox 1566 2164 1588 2192; x_wconf 81' lang='lat' dir='ltr'>a</span> <span class='ocrx_word' id='word_1_206' title='bbox 1604 2163 1645 2192; x_wconf 88' lang='lat' dir='ltr'>se</span> <span class='ocrx_word' id='word_1_207' title='bbox 1661 2145 1769 2200; x_wconf 83' lang='lat' dir='ltr'>frac-</span> 
     </span>
     <span class='ocr_line' id='line_1_28' title="bbox 392 2216 1773 2283; baseline -0.004 -16"><span class='ocrx_word' id='word_1_208' title='bbox 392 2232 482 2267; x_wconf 88' lang='lat' dir='ltr'>tum</span> <span class='ocrx_word' id='word_1_209' title='bbox 506 2221 629 2266; x_wconf 86' lang='lat' dir='ltr'>radix</span> <span class='ocrx_word' id='word_1_210' title='bbox 652 2220 881 2266; x_wconf 82' lang='lat' dir='ltr'>Catholica</span> <span class='ocrx_word' id='word_1_211' title='bbox 905 2219 1105 2283; x_wconf 85' lang='lat' dir='ltr'>inquirit,</span> <span class='ocrx_word' id='word_1_212' title='bbox 1129 2219 1162 2265; x_wconf 92' lang='lat' dir='ltr'>si</span> <span class='ocrx_word' id='word_1_213' title='bbox 1182 2235 1326 2264; x_wconf 89' lang='lat' dir='ltr'>ramus</span> <span class='ocrx_word' id='word_1_214' title='bbox 1360 2218 1452 2281; x_wconf 88' lang='lat' dir='ltr'>ipse</span> <span class='ocrx_word' id='word_1_215' title='bbox 1472 2216 1668 2263; x_wconf 88' lang='lat' dir='ltr'>similiter</span> <span class='ocrx_word' id='word_1_216' title='bbox 1692 2234 1714 2261; x_wconf 84' lang='lat' dir='ltr'>a</span> <span class='ocrx_word' id='word_1_217' title='bbox 1730 2233 1773 2261; x_wconf 91' lang='lat' dir='ltr'>se</span> 
     </span>
     <span class='ocr_line' id='line_1_29' title="bbox 390 2285 1772 2356; baseline -0.005 -18"><span class='ocrx_word' id='word_1_218' title='bbox 390 2309 577 2356; x_wconf 84' lang='lat' dir='ltr'>parvum</span> <span class='ocrx_word' id='word_1_219' title='bbox 600 2291 797 2352; x_wconf 84' lang='lat' dir='ltr'>fragmen</span> <span class='ocrx_word' id='word_1_220' title='bbox 820 2290 1006 2337; x_wconf 84' lang='lat' dir='ltr'>incisum</span> <span class='ocrx_word' id='word_1_221' title='bbox 1039 2290 1099 2336; x_wconf 91' lang='lat' dir='ltr'>sic</span> <span class='ocrx_word' id='word_1_222' title='bbox 1123 2288 1324 2350; x_wconf 81' lang='lat' dir='ltr'>colligere</span> <span class='ocrx_word' id='word_1_223' title='bbox 1341 2288 1572 2335; x_wconf 85' lang='lat' dir='ltr'>laboravit.</span> <span class='ocrx_word' id='word_1_224' title='bbox 1607 2288 1659 2332; x_wconf 84' lang='lat' dir='ltr'>Et</span> <span class='ocrx_word' id='word_1_225' title='bbox 1691 2285 1772 2332; x_wconf 88' lang='lat' dir='ltr'>alia</span> 
     </span>
     <span class='ocr_line' id='line_1_30' title="bbox 387 2358 1772 2426; baseline -0.004 -18"><span class='ocrx_word' id='word_1_226' title='bbox 387 2380 520 2408; x_wconf 86' lang='lat' dir='ltr'>manu</span> <span class='ocrx_word' id='word_1_227' title='bbox 549 2380 558 2407; x_wconf 93' lang='lat'><strong>:</strong></span> <span class='ocrx_word' id='word_1_228' title='bbox 588 2363 808 2426; x_wconf 83' lang='lat' dir='ltr'>Optamus</span> <span class='ocrx_word' id='word_1_229' title='bbox 831 2372 887 2416; x_wconf 84' lang='lat' dir='ltr'>te,</span> <span class='ocrx_word' id='word_1_230' title='bbox 915 2361 996 2418; x_wconf 89' lang='lat' dir='ltr'>fili,</span> <span class='ocrx_word' id='word_1_231' title='bbox 1019 2361 1064 2406; x_wconf 90' lang='lat' dir='ltr'>in</span> <span class='ocrx_word' id='word_1_232' title='bbox 1083 2360 1274 2406; x_wconf 88' lang='lat' dir='ltr'>Domino</span> <span class='ocrx_word' id='word_1_233' title='bbox 1306 2361 1415 2406; x_wconf 90' lang='lat' dir='ltr'>bene</span> <span class='ocrx_word' id='word_1_234' title='bbox 1440 2358 1595 2406; x_wconf 88' lang='lat' dir='ltr'>valere.</span> <span class='ocrx_word' id='word_1_235' title='bbox 1630 2360 1772 2404; x_wconf 90' lang='lat' dir='ltr'>Aure-</span> 
     </span>
     <span class='ocr_line' id='line_1_31' title="bbox 387 2428 1771 2496; baseline -0.004 -18"><span class='ocrx_word' id='word_1_236' title='bbox 387 2434 471 2479; x_wconf 90' lang='lat' dir='ltr'>lius</span> <span class='ocrx_word' id='word_1_237' title='bbox 503 2433 734 2496; x_wconf 85' lang='lat' dir='ltr'>episcopus</span> <span class='ocrx_word' id='word_1_238' title='bbox 761 2432 968 2478; x_wconf 83' lang='lat' dir='ltr'>Ecclesiae</span> <span class='ocrx_word' id='word_1_239' title='bbox 996 2432 1229 2478; x_wconf 82' lang='lat' dir='ltr'>catholicae</span> <span class='ocrx_word' id='word_1_240' title='bbox 1252 2429 1607 2492; x_wconf 84' lang='lat' dir='ltr'>Carthaginensis</span> <span class='ocrx_word' id='word_1_241' title='bbox 1625 2467 1635 2486; x_wconf 89' lang='lat'>‚</span> <span class='ocrx_word' id='word_1_242' title='bbox 1665 2428 1771 2474; x_wconf 91' lang='lat' dir='ltr'>huic</span> 
     </span>
     <span class='ocr_line' id='line_1_32' title="bbox 387 2499 1770 2567; baseline -0.004 -17"><span class='ocrx_word' id='word_1_243' title='bbox 387 2503 584 2567; x_wconf 82' lang='lat' dir='ltr'>epistolae</span> <span class='ocrx_word' id='word_1_244' title='bbox 606 2503 861 2567; x_wconf 83' lang='lat' dir='ltr'>subscripsi.</span> <span class='ocrx_word' id='word_1_245' title='bbox 892 2504 1000 2549; x_wconf 85' lang='lat' dir='ltr'>Item</span> <span class='ocrx_word' id='word_1_246' title='bbox 1014 2503 1097 2550; x_wconf 85' lang='lat' dir='ltr'>alia</span> <span class='ocrx_word' id='word_1_247' title='bbox 1123 2519 1256 2549; x_wconf 86' lang='lat' dir='ltr'>manu</span> <span class='ocrx_word' id='word_1_248' title='bbox 1277 2521 1287 2549; x_wconf 72' lang='grc' dir='ltr'><strong>ι</strong></span> <span class='ocrx_word' id='word_1_249' title='bbox 1313 2502 1526 2565; x_wconf 78' lang='lat' dir='ltr'>Sylvanus</span> <span class='ocrx_word' id='word_1_250' title='bbox 1547 2517 1669 2547; x_wconf 82' lang='lat' dir='ltr'>senex</span> <span class='ocrx_word' id='word_1_251' title='bbox 1690 2499 1770 2544; x_wconf 89' lang='lat' dir='ltr'>Ec-</span> 
     </span>
     <span class='ocr_line' id='line_1_33' title="bbox 387 2575 1115 2639; baseline 0 -17"><span class='ocrx_word' id='word_1_252' title='bbox 387 2575 532 2627; x_wconf 81' lang='lat' dir='ltr'>clesiae</span> <span class='ocrx_word' id='word_1_253' title='bbox 571 2575 839 2621; x_wconf 89' lang='lat' dir='ltr'>Summensis</span> <span class='ocrx_word' id='word_1_254' title='bbox 862 2575 1115 2639; x_wconf 87' lang='lat' dir='ltr'>subscripsi.</span> 
     </span>
    </p>

    <p class='ocr_par' dir='ltr' id='par_1_4' title="bbox 436 2656 692 2699">
     <span class='ocr_line' id='line_1_34' title="bbox 436 2656 692 2699; baseline 0.004 -8"><span class='ocrx_word' id='word_1_255' title='bbox 436 2661 447 2682; x_wconf 81' lang='lat'>¹</span> <span class='ocrx_word' id='word_1_256' title='bbox 470 2656 590 2693; x_wconf 73' lang='lat' dir='ltr'>Maith.</span> <span class='ocrx_word' id='word_1_257' title='bbox 608 2669 638 2697; x_wconf 90' lang='lat' dir='ltr'>v,</span> <span class='ocrx_word' id='word_1_258' title='bbox 658 2670 692 2699; x_wconf 87' lang='lat'>9.</span> 
     </span>
    </p>
   </div>
  </div>
 </body>
</html>
