1902 3268
665 301 879 335 Ensrom
913 301 1043 334 cvm.
1453 292 1548 340 315

172 393 195 415 ))
216 372 336 419 fonte
353 369 490 417 alieno
512 385 567 416 ne
584 367 772 414 biberis‘¹
794 388 806 422 ς
830 389 851 410 »
877 367 1119 415 Felicianus
1136 369 1314 433 quando
1333 383 1556 437 separatus

171 453 233 490 est
250 459 272 488 a
296 441 422 489 vobis
441 441 486 486 in
506 450 629 503 parte
649 438 896 485 Maximiani
913 477 924 496 ‚
946 460 966 481 «
984 439 1183 486 Veritatis
1198 440 1382 500 adulter,
1404 453 1557 488 catena

170 511 406 572 sacrilegii,
435 532 456 553 »
479 510 593 556 sicut
615 509 816 556 concilii2
847 509 979 557 vestri
995 510 1128 556 verba
1153 510 1377 567 indicant,
1405 512 1559 559 trahe-

175 583 323 630 batur.
351 582 396 628 Si
412 598 558 629 secum
580 580 815 627 abstulerat
834 581 999 627 fontem
1015 592 1224 638 vestrum,
1244 583 1341 645 quis
1357 593 1447 629 erat
1463 582 1560 629 fons

173 652 220 699 in
236 670 325 716 quo
343 651 419 698 illo
444 662 641 715 separato
659 662 820 698 vestros
839 650 1124 714 baptizastis?
1140 651 1281 697 Simul
1303 653 1419 698 enim
1439 669 1559 699 nunc

178 733 318 769 vester
341 722 573 785 episcopus
607 720 725 767 sedet
750 737 852 766 cum
882 720 1104 767 Primiano
1131 738 1154 766 a
1189 738 1230 767 se
1253 719 1462 768 damnato
1481 759 1492 779 ,
1519 731 1561 768 et

179 790 433 838 damnatore
454 808 545 838 suo.

243 862 304 909 II.
331 861 416 907 Sed
437 861 548 907 sicut
562 859 674 906 mihi
693 858 807 905 suis-⁹³
832 858 1007 904 Litteris
1022 858 1282 905 intimarunt
1299 859 1461 916 nostri,
1482 861 1562 924 qui

180 932 226 979 in
244 931 329 978 hac
347 930 477 978 causa
502 942 543 977 te
567 929 801 984 viderunt,
829 945 931 975 cum
950 940 1194 993 quaererent
1223 929 1331 994 quid
1360 929 1467 976 hinc
1488 929 1560 976 di-

180 1018 323 1058 cereS‚
349 1001 611 1065 respondisti
643 1011 685 1046 te
719 1017 862 1064 nuper
884 999 1137 1047 ordinatum
1166 1001 1271 1064 (45)
1291 1037 1302 1057 ,
1340 1000 1559 1047 factorum

179 1071 318 1136 patris
355 1071 420 1117 tui
451 1071 647 1131 J'udicem
673 1087 759 1116 esse
793 1087 884 1116 non
909 1087 1062 1134 posse,
1100 1070 1175 1116 sed
1208 1070 1253 1117 in
1277 1087 1352 1128 eo,
1391 1069 1512 1134 quod
1542 1087 1568 1116 a

180 1141 405 1206 prioribus
426 1142 510 1188 tuis
528 1141 746 1205 acceperis
763 1179 774 1196 ‚
798 1157 1066 1205 permanere.
1092 1141 1209 1188 Hinc
1229 1158 1329 1186 sane
1351 1139 1473 1186 dolui
1494 1157 1569 1186 ne-

180 1212 423 1259 cessitatem
447 1222 567 1258 tuam
587 1249 598 1268 ,
633 1228 732 1257 cum
764 1222 806 1257 te
841 1211 1100 1268 existimem,
1130 1211 1242 1257 sieut
1260 1210 1390 1257 audio
1405 1248 1416 1266 ‚
1437 1210 1569 1257 bonae

184 1281 344 1329 indolis
362 1286 582 1343 juvenem.
617 1281 738 1339 Quid
768 1281 883 1327 enim
919 1292 959 1328 te
996 1281 1051 1328 ad
1073 1281 1189 1328 hanc
1214 1281 1566 1345 responsionem,

184 1352 267 1398 nisi
297 1351 425 1398 malae
461 1368 603 1398 causae
638 1352 866 1398 necessitas
898 1352 1051 1412 cogit?
1079 1351 1164 1398 Sed
1189 1351 1222 1398 si
1253 1350 1472 1407 attendas,
1507 1350 1570 1398 mi

184 1421 331 1479 frater,
360 1423 527 1469 sirecte
546 1422 730 1483 cogites,
752 1423 785 1468 si
821 1424 962 1468 Deum
988 1423 1136 1468 timeas
1153 1460 1163 1478 ,
1192 1423 1236 1468 in
1263 1421 1405 1468 malal‘
1440 1439 1568 1469 causa

183 1509 456 1558 perseverare
472 1492 592 1539 nulla
613 1493 838 1539 necessitas
853 1494 982 1553 cogit.
1004 1494 1112 1540 Haec
1126 1492 1241 1539 enim
1259 1492 1480 1557 responsio
1496 1503 1571 1539 tua

184 1579 273 1610 non
291 1564 576 1627 quaestionem
595 1563 717 1609 tibia
735 1580 803 1609 me
818 1564 1088 1628 propositam
1115 1563 1246 1610 solvit
1261 1601 1273 1620 ‚
1295 1563 1369 1609 sed
1392 1579 1570 1610 causam

186 1645 380 1681 nostram
406 1635 462 1680 ab
483 1635 602 1681 omni
626 1635 845 1681 calumnia
880 1645 1034 1681 vestrae
1068 1634 1331 1680 causationis
1363 1633 1564 1681 absolvit.

189 1704 309 1750 Dicis
329 1703 443 1750 enim
467 1714 507 1750 te
531 1721 673 1768 nuper
692 1704 941 1750 ordinatum
965 1705 1183 1750 factorum
1201 1703 1339 1768 patris
1365 1704 1425 1749 tui
1439 1702 1568 1764 Judi-

189 1790 284 1821 cem
304 1791 390 1820 esse
406 1792 495 1820 non
512 1791 636 1838 posse
655 1812 665 1830 ‚
690 1773 760 1820 sed
779 1774 824 1820 in
839 1791 888 1820 eo
906 1773 1027 1839 quod
1055 1792 1076 1819 a
1092 1773 1315 1837 prioribus
1339 1772 1426 1818 tuis
1450 1789 1572 1819 acce-

189 1845 305 1909 peris
321 1862 589 1909 permanere.
618 1846 710 1891 Cur
725 1863 825 1905 ergo
845 1863 934 1892 non
953 1845 1099 1908 potius
1124 1845 1170 1890 in
1194 1844 1409 1899 Ecclesia,
1437 1861 1572 1908 quam

192 1915 421 1979 Scriptura
460 1926 564 1961 teste
597 1916 878 1979 incipientem
917 1917 973 1961 ab
1008 1913 1294 1970 Jerusalem,
1334 1925 1462 1978 atque
1492 1931 1572 1978 per

192 2001 340 2032 omues
373 1996 516 2045 gentes
540 1985 881 2031 fructificantem
904 1996 1034 2049 atque
1059 1995 1318 2031 crescentem
1339 2002 1361 2030 a
1383 1984 1573 2030 Domino

195 2055 374 2101 Christo
390 2092 400 2112 ‚
429 2072 510 2119 per
530 2054 762 2120 Apostolos
800 2056 1049 2120 accepimus
1068 2093 1079 2112 ‚
1105 2071 1430 2119 permanemus3
1455 2063 1499 2100 et
1520 2053 1576 2100 de

192 2123 317 2171 factis
354 2124 498 2172 nescio
535 2143 721 2190 quorum
747 2136 951 2189 patrum,
993 2142 1093 2190 quae
1129 2131 1228 2170 ante
1256 2142 1367 2188 pene
1396 2134 1574 2171 centum

196 2212 330 2241 annos
363 2195 546 2241 admissa
567 2195 793 2252 dicuntur,
828 2196 960 2242 modo
979 2195 1293 2257 judicamurss?
1321 2193 1367 2240 Si
1389 2194 1503 2239 enim
1528 2205 1577 2240 tu

196 2265 250 2312 de
272 2277 396 2328 patre
426 2275 502 2312 tuo
521 2304 530 2321 ‚
560 2266 708 2314 adhuc
728 2268 772 2312 in
796 2266 882 2313 hac
899 2268 988 2314 vita
1020 2265 1257 2312 constituto
1275 2302 1288 2321 ‚
1317 2282 1406 2310 non
1443 2263 1578 2311 audes

192 2335 390 2396 judicare
410 2374 420 2392 ‚
442 2354 571 2401 quem
597 2348 720 2401 potes
742 2338 1030 2397 interrogare3
1054 2336 1165 2382 mihi
1183 2352 1318 2400 quare
1343 2333 1506 2381 dicitur
1526 2343 1577 2382 ut

192 2404 386 2465 judicem
407 2406 459 2451 de
476 2417 650 2453 mortuo
669 2406 796 2466 longe
816 2417 1049 2470 antequam
1071 2415 1197 2452 natus
1213 2421 1310 2451 sum
1323 2407 1342 2451 9
1356 2403 1419 2450 et⁷
1440 2404 1578 2452 chris-

197 2475 324 2521 tianis
343 2476 542 2536 gentibus
566 2494 699 2540 quare
731 2476 893 2522 dicitur
915 2487 964 2522 ut
988 2475 1190 2537 judicent
1211 2473 1265 2522 de
1286 2473 1355 2523 fac
1367 2474 1419 2521 tis
1447 2473 1581 2523 Afro-

249 2576 258 2597 ¹
277 2576 369 2609 Prov.
390 2588 433 2615 rx,
452 2579 505 2611 18,
523 2596 563 2602 —
579 2575 594 2599 ²
613 2575 788 2620 Bagaitani.
804 2596 847 2601 -
860 2573 875 2600 3
892 2577 994 2622 Epist.
1019 2589 1096 2618 ¹07·
1116 2595 1161 2602 -
1176 2573 1191 2600 ⁴
1210 2577 1282 2612 ιον.
1310 2574 1396 2609 nulla
1409 2593 1454 2600 —
1470 2574 1484 2599 ⁵
1497 2576 1572 2610 Act.

205 2643 237 2674 ι,
255 2633 286 2665 8.
304 2648 347 2654 -
361 2629 376 2653 6
394 2633 486 2662 Forte
500 2631 689 2675 judicamus.
709 2650 750 2657 —
768 2630 783 2656 ⁷
806 2632 879 2666 ιον.
899 2643 971 2667 nec.
