1902 3268
332 256 426 303 316
755 273 791 304 s.
835 271 1079 305 mausum
1115 272 1319 306 Eplscom

331 352 429 382 rum
470 337 731 383 traditorum
767 348 865 384 ante
904 348 968 383 tot
1007 355 1140 385 annos
1162 351 1437 387 mortuorum
1457 378 1468 398 ‚
1494 358 1602 405 quos
1634 359 1714 388 nee

325 405 448 452 vivos
474 417 540 453 tot
564 406 828 461 Christiani,
854 408 930 472 qui
959 417 1063 453 tune
1089 409 1322 466 vivebant,
1346 411 1392 456 in
1416 414 1540 457 terris
1565 430 1713 458 remo-

324 476 498 523 tissimis
518 476 744 523 constituti
768 475 920 522 audire
953 477 1017 522 vel
1056 495 1177 524 nosse
1200 485 1471 542 potuerunt?
1497 482 1585 539 Qui
1612 500 1710 528 ma-

331 558 502 591 nentem
527 556 678 592 notum
698 563 786 591 non
807 545 939 592 audes
957 546 1159 605 judicare
1181 548 1453 596 Primianum
1471 588 1481 605 ,
1505 569 1583 597 cur
1602 552 1714 598 mihi

330 615 562 678 antiquum
580 627 622 662 et
645 616 845 676 ignotum
865 616 1159 676 judicandum
1183 618 1248 664 vis
1267 619 1490 682 imponere
1514 622 1715 667 Caecilia-

330 688 466 730 num?
507 685 552 732 Si
576 697 721 750 patres
746 696 843 732 tuos
874 703 963 732 non
994 686 1168 746 judicas
1202 687 1257 734 de
1285 688 1408 734 factis
1434 690 1546 746 suis,
1579 707 1714 755 quare

332 754 484 800 fratres
509 766 607 802 tuos
623 756 796 816 judicas
820 755 873 801 de
898 756 1022 802 factis
1045 756 1225 803 alienis?

395 826 477 872 ΙΙΙ.
512 827 580 872 An
603 827 714 872 forte
735 826 887 872 fratres
922 843 1000 871 nos
1028 830 1185 886 negas?
1223 827 1309 874 Sed
1335 829 1487 874 melius
1511 829 1714 876 audimus

330 906 527 942 sanctum
552 896 768 960 Spiritum
789 914 865 960 per
886 897 1161 960 Prophe-tam
1187 900 1517 962 praecipientem
1541 918 1552 944 :
1580 921 1599 941 «
1619 902 1714 946 Au-

332 987 353 1008 »
378 965 468 1012 dite
484 968 563 1031 qui
582 967 748 1031 pavetis
772 967 956 1014 verbum
984 968 1175 1015 Domini.
1209 969 1350 1015 Dicite
1367 1007 1377 1025 ‚
1406 970 1557 1016 fratres
1580 970 1716 1016 nostri

330 1058 352 1078 »
375 1037 500 1094 estis,
522 1037 589 1084 his
609 1039 688 1102 qui
714 1055 790 1084 vos
815 1038 1023 1093 oderunt,
1057 1049 1098 1083 ct
1130 1039 1206 1101 qui
1239 1056 1315 1085 vos
1352 1040 1638 1096 detestantur,
1667 1051 1715 1086 ut

330 1128 351 1150 ›>
376 1125 534 1154 nomen
570 1107 749 1154 Domini
778 1108 1115 1164 honorificetur,
1151 1120 1194 1154 et
1222 1121 1431 1173 appareat
1461 1111 1545 1156 illis
1573 1111 1616 1156 in
1638 1115 1716 1170 ju·-

332 1199 353 1220 ›>
378 1177 627 1234 cunditate,
668 1177 752 1241 ipsi
781 1189 925 1224 autem
953 1178 1258 1225 erubesca11t1.
1287 1181 1495 1227 »Revera
1533 1181 1646 1226 enim
1680 1181 1714 1227 si

329 1247 587 1295 hominibus
600 1266 758 1296 nomen
778 1248 957 1295 Domini
973 1249 1216 1308 jucundius
1233 1260 1370 1307 esset,
1388 1267 1518 1314 quam
1538 1250 1717 1297 nomina

332 1318 587 1376 hominum,
622 1319 841 1384 numquid
863 1320 1067 1365 Christus
1089 1320 1281 1366 clamans
1306 1338 1316 1365 ε
1342 1341 1362 1362 «
1385 1323 1544 1368 Pacem
1576 1338 1715 1368 meam

332 1409 353 1430 »
377 1388 434 1435 do
457 1390 628 1445 vohis‘2,
653 1411 673 1432 »
697 1390 970 1436 divideretur
1003 1389 1047 1435 in
1073 1390 1279 1436 membris
1316 1391 1403 1437 suis
1432 1408 1510 1455 per
1543 1408 1614 1438 eos
1636 1393 1714 1456 qui

331 1459 487 1505 dicunt
510 1478 520 1505 :
546 1482 566 1502 «
590 1462 681 1521 Ego
713 1460 891 1524 quidem
916 1477 1009 1506 sum
1043 1461 1195 1518 Pauli,
1228 1479 1306 1521 ego
1343 1473 1487 1508 autem
1525 1461 1710 1525 Apollo,

333 1552 353 1572 υ
378 1548 454 1590 ego
479 1548 581 1577 vero
603 1531 818 1594 Cephae3‚
836 1553 858 1572 »
879 1542 921 1576 et
934 1548 1012 1594 per
1035 1531 1268 1577 hominum
1293 1533 1470 1578 nomina
1489 1532 1712 1578 dilanian-

333 1604 428 1647 tur?
448 1601 676 1664 Numquid
699 1600 901 1647 Christus
920 1602 1215 1647 exsufflaretur
1236 1602 1281 1647 in
1304 1603 1522 1665 baptismo
1541 1620 1637 1657 suo,
1660 1602 1715 1649 de

331 1671 449 1737 (Ῑιιοά
471 1670 641 1717 dictum
665 1682 727 1717 est
755 1689 766 1716 :
795 1692 816 1713 «
834 1672 920 1717 Hic
939 1682 1000 1717 est
1018 1672 1095 1734 qui
1113 1672 1358 1735 baptizat5‚
1380 1694 1399 1713 >>
1424 1672 1477 1718 de
1502 1688 1589 1736 quo
1615 1671 1716 1718 dic-

332 1753 425 1788 tum
459 1752 520 1787 est
542 1760 552 1787 :
574 1764 594 1783 «
619 1742 823 1788 Christus
853 1741 1001 1788 dilexit
1024 1742 1264 1788 Ecclesiam
1293 1760 1412 1789 suam
1427 1780 1438 1799 ,
1468 1753 1511 1788 et
1534 1742 1716 1788 tradidit

331 1834 353 1856 »
374 1830 416 1859 se
441 1813 587 1876 ipsum
619 1829 701 1877 pro
722 1830 770 1859 ea
787 1850 798 1869 ,
834 1823 883 1858 ut
907 1830 1001 1858 eam
1033 1813 1351 1870 sanctificaret,
1379 1812 1596 1858 mundans
1619 1829 1715 1858 eam

329 1904 352 1926 »
374 1882 547 1929 lavacro
585 1900 710 1947 aquae
734 1883 780 1928 in
802 1883 992 1929 verbof’?
1010 1904 1029 1925 n
1058 1883 1286 1947 Numquid
1313 1900 1413 1943 ergo
1449 1883 1493 1929 in
1518 1883 1615 1945 ipso
1638 1899 1715 1929 suo

327 1954 503 2000 lavacro
532 1954 849 2008 exsufflaretur,
877 1954 911 1999 si
931 1971 1091 1998 nomen
1115 1954 1290 1999 Domini
1317 1964 1422 1999 esset
1444 1952 1711 2013 jucundius,

329 2027 455 2084 cujus
490 2033 550 2068 est
583 2023 675 2086 ipse
709 2024 981 2086 baptismus,
1019 2039 1151 2085 quam
1177 2039 1333 2067 nomen
1368 2022 1624 2078 hominum,
1661 2022 1715 2068 de

327 2094 490 2157 quibus
513 2092 656 2139 dicitis
675 2110 685 2137 :
706 2093 915 2139 Sanctum
943 2103 1004 2138 est
1019 2092 1140 2155 quod
1156 2091 1226 2137 ille
1247 2092 1346 2147 dat,
1369 2109 1454 2137 non
1472 2091 1592 2155 quod
1613 2091 1712 2138 ille?

393 2164 469 2210 IV.
510 2165 564 2209 Et
602 2174 745 2209 tamen
782 2163 961 2224 collegae
987 2163 1048 2209 tui
1076 2163 1155 2208 ubi
1186 2162 1448 2219 voluerunt,
1487 2163 1714 2209 veritatem

329 2236 480 2299 potius
513 2234 816 2291 attenderunt,
854 2244 896 2279 et
934 2251 1024 2279 non
1059 2232 1199 2280 solum
1237 2233 1510 2296 baptismum
1527 2270 1538 2289 ,
1583 2249 1714 2295 quem

329 2304 589 2352 Primianus
623 2304 670 2350 in
704 2314 845 2351 vestra
876 2303 1208 2359 communione,
1247 2303 1320 2349 sed
1351 2313 1393 2348 et
1426 2319 1556 2367 quem
1593 2301 1716 2348 dedit

331 2374 575 2421 Felicianus
612 2375 659 2420 in
693 2374 945 2422 Maximiani
979 2374 1185 2434 sacrilego
1227 2374 1484 2429 schismate,
1528 2382 1716 2436 propter

329 2446 509 2494 honoris
529 2445 707 2494 Domini
726 2445 1053 2508 jucunditatem
1071 2454 1268 2491 sanctum
1293 2461 1379 2491 esse
1400 2454 1647 2498 senserunt;
1673 2453 1715 2489 et

380 2547 389 2570 ἰ
414 2545 486 2582 lsai.
516 2556 603 2584 mu,
628 2547 662 2589 5,
687 2548 776 2590 juxta
801 2558 876 2580 ux.
904 2566 945 2573 -
968 2546 983 2571 2
1006 2549 1101 2582 Joan.
1122 2557 1191 2585 xxv,
1213 2557 1268 2585 ¹²7¹
1297 2564 1341 2573 „-
1362 2543 1375 2568 ³
1407 2556 1416 2577 ¹
1451 2546 1523 2576 Cor·
1544 2554 1594 2583 ¹1¹,
1614 2550 1644 2582 41
1670 2560 1713 2571 ’ζ’

330 2600 346 2628 0
362 2603 436 2636 Lem.
456 2601 546 2638 omit.
565 2601 605 2634 de
621 2612 700 2648 quo,
715 2619 762 2630 -ο
780 2603 793 2628 5
812 2606 908 2638 Joan.
931 2615 960 2647 ι,
985 2604 1037 2637 33.
1052 2621 1096 2629 vm«
1114 2602 1128 2625 ὓ
1146 2601 1263 2652 Ephes.
1286 2614 1315 2642 v,
1337 2602 1390 2642 25,
1407 2602 1463 2637 αδ.
