1902 3268
606 365 819 398 Emsrom
853 365 982 398 cxxv.
1404 360 1496 416 435

126 442 270 478 tamen
283 429 328 476 in
346 440 560 494 promptu
581 439 644 476 est
660 429 768 493 quid
788 430 844 476 ab
865 431 941 476 illo
958 435 1292 495 expectaverint,
1314 449 1363 484 ut
1379 441 1497 502 quod

125 518 243 548 nunc
259 511 360 565 post
373 501 637 562 jurationem
658 501 810 546 absens
825 511 899 558 est,
916 504 1129 549 neminem
1144 518 1313 553 moveat
1330 526 1498 567 eorum,

125 573 201 636 qui
220 572 369 618 audire
392 582 644 635 potuerunt,
670 582 785 618 certa
805 589 902 618 eum
919 590 1044 618 causa
1072 576 1370 638 profecturum
1391 598 1495 637 esse,

124 660 226 690 cum
246 643 470 690 voluntate
506 642 731 690 redeundi.
758 645 820 689 Ac
844 661 922 707 per
946 644 1031 690 hoc
1056 650 1256 708 perjurus
1291 667 1370 697 nec
1394 652 1493 708 erit,

124 732 204 761 nec
227 715 282 761 ab
304 715 364 760 eis
382 715 630 778 putabitur,
646 714 725 760 nisi
739 731 885 760 eorum
907 717 1243 778 expectationem
1260 719 1491 785 deceperit.

125 786 224 834 Non
252 796 394 832 autem
408 785 612 848 decipiet,
643 785 728 831 nisi
746 795 820 830 aut
839 785 1107 832 voluntatem
1130 791 1360 848 mutaverit
1380 794 1500 856 apud

123 873 193 903 eos
222 855 472 911 habitandi,
500 867 573 902 aut
600 855 834 919 aliquando
859 855 1098 903 discesserit
1114 859 1202 905 sine
1219 860 1500 925 dispositione

122 927 346 974 redeundi.
391 926 525 985 Quod
560 927 672 972 absit
704 927 760 971 ab
800 930 889 986 ejus
916 927 1112 974 moribus
1149 940 1190 975 et
1228 932 1331 989 fide,
1364 951 1494 997 quam

124 997 303 1045 Christo
326 1008 369 1044 et
403 997 607 1043 Ecclesiae
633 996 828 1043 debitam
872 1010 1026 1046 servat.
1075 1000 1184 1046 Nam
1212 1012 1260 1048 ut
1298 1005 1495 1052 omittam

121 1068 242 1133 quod
266 1085 434 1114 mecum
458 1067 594 1123 nosti,
624 1084 755 1131 quam
779 1069 1118 1116 sittremendum
1135 1071 1188 1118 de
1209 1077 1401 1136 perjurio
1426 1076 1500 1123 di·-

122 1140 273 1186 vinum
298 1139 516 1202 judicium
542 1156 552 1184 z
577 1137 686 1184 illud
707 1150 821 1185 C3rte
834 1141 939 1197 sci0‚
963 1141 1071 1187 nulli
1085 1159 1161 1188 nos
1177 1143 1380 1210 deinceps
1394 1165 1497 1194 suc-

121 1227 291 1256 censere
308 1209 466 1255 debere
483 1209 557 1273 qui
577 1209 702 1255 nobis
711 1211 962 1269 jurantibus
976 1228 1060 1257 non
1079 1212 1326 1272 crediderit,
1345 1217 1377 1262 si
1400 1217 1495 1265 talis

122 1281 204 1327 viri
231 1281 472 1345 perjurium
504 1297 590 1326 non
629 1281 761 1327 modo
798 1299 925 1345 aequo
961 1282 1105 1329 animo
1137 1284 1389 1344 ferendum,
1421 1305 1499 1335 ve-

121 1352 351 1399 rumetiam
365 1350 686 1397 defendendum
705 1353 976 1414 putabimus.
1003 1352 1135 1409 Quod
1151 1365 1191 1400 et
1211 1373 1231 1401 a
1244 1357 1370 1403 nobis
1389 1369 1430 1404 et
1445 1361 1500 1406 ab

120 1423 195 1470 illo
214 1433 377 1471 avertat
403 1422 518 1468 illius
541 1421 854 1477 misericordia,
878 1423 954 1485 qui
978 1424 1090 1469 eruit
1108 1442 1129 1469 a
1147 1426 1388 1474 'tentatione
1408 1442 1503 1494 spe-

121 1505 262 1540 rantes
279 1494 324 1539 in
348 1508 405 1539 se.
433 1493 558 1538 Sicut
576 1492 735 1552 ergoiu
760 1493 1096 1539 commonitorio
1119 1496 1391 1560 rescripsisti,
1414 1500 1504 1546 im-

119 1566 237 1630 pleat
260 1564 540 1628 promissum,
569 1580 658 1627 quo
683 1563 741 1609 ita
774 1581 815 1609 se
841 1564 1043 1628 promisit
1082 1565 1138 1610 ab
1182 1567 1390 1632 Hippone
1416 1582 1505 1617 non

120 1652 387 1682 recessurum
407 1672 417 1685 ,
466 1633 839 1697 quemadmodum
880 1652 957 1694 ego
987 1635 1055 1680 vel
1083 1635 1167 1699 ipsi
1201 1637 1504 1701 Hipponenses

120 1724 208 1754 non
233 1706 491 1761 recedimus,
509 1705 672 1768 quibus
697 1716 842 1750 tamen
868 1716 910 1750 et
941 1705 1127 1752 abeundi
1145 1708 1410 1757 etredeundi
1432 1711 1500 1758 fa-

120 1778 259 1825 cultas
277 1788 339 1823 est
355 1777 491 1822 libera
512 1793 522 1820 :
547 1775 627 1820 nisi
647 1775 767 1838 quod
787 1776 853 1821 his
870 1776 1177 1839 quijuratione
1190 1795 1278 1825 non
1302 1780 1498 1830 detinen-

124 1859 209 1905 tur,
235 1848 367 1894 etiam
394 1846 574 1893 omnino
608 1857 651 1891 et
692 1845 908 1906 migrandi
949 1857 990 1892 et
1035 1865 1122 1894 non
1158 1848 1371 1899 redeundi
1410 1854 1500 1901 sine

119 1919 301 1984 perjurii
325 1928 446 1964 reatu
471 1926 660 1981 potestas
684 1927 757 1963 est.

184 1991 236 2037 V.
269 1989 458 2035 Clericos
476 2005 577 2033 sane
596 1998 765 2032 nostros
790 1987 856 2033 vel
870 1987 1021 2033 fratres
1046 1988 1090 2034 in
1106 1994 1365 2040 monasterio
1391 2013 1498 2042 con-

118 2063 290 2110 stitutos
306 2098 318 2118 ,
353 2059 586 2124 participes
610 2058 675 2105 vel
701 2059 944 2104 hortatores
975 2057 1104 2106 fuisse
1128 2065 1492 2114 contumeliarum

119 2145 311 2188 tuarum,
349 2142 495 2177 utrum
531 2129 713 2193 probari
737 2129 900 2192 possit,
930 2130 1097 2190 ignoro.
1128 2132 1237 2178 Nam
1283 2152 1382 2182 cum
1413 2137 1500 2184 hoc

118 2204 381 2269 quaesissem,
405 2201 571 2246 dictum
610 2210 672 2245 est
694 2216 829 2245 unum
853 2201 1155 2248 tantummodo
1177 2204 1500 2266 Carthaginen-

118 2277 228 2322 sium
267 2274 320 2320 de
348 2271 605 2318 monasterio
643 2270 846 2316 clamasse
885 2288 984 2316 cum
1022 2273 1207 2335 populo,
1246 2292 1345 2322 cum
1371 2277 1496 2326 illum

118 2346 420 2411 presbyterum
442 2351 654 2405 peterent,
682 2358 769 2386 non
797 2358 895 2387 cum
917 2343 961 2386 in
994 2353 1035 2387 te
1067 2343 1487 2405 ilitlig·11ajactare11t.

120 2415 312 2478 Adjunxi
334 2414 442 2460 huic
463 2412 659 2477 epistolae
686 2412 823 2476 ipsius
849 2411 1144 2475 promissionis
1162 2417 1426 2480 exemplum,
1446 2438 1494 2467 ex

117 2486 321 2535 chartula
342 2484 494 2531 eadem
514 2482 789 2539 translatum,
814 2499 943 2546 quam
963 2483 1054 2546 ipse
1074 2484 1349 2550 subscripsit,
1369 2501 1411 2536 et
1428 2508 1494 2538 me

118 2557 373 2622 inspiciente
384 2553 679 2603 emendatum.

1290 2766 1363 2813 28.
