1902 3268
367 240 424 283 522.
778 250 811 280 s.
855 247 1098 280 Aueusrrm
1134 245 1336 276 EPISCOPI

359 396 418 408 us
427 389 1719 408 sssns§susm-n“must-§ts§ssstsvswnoon-tssxsmvtzmxtswssw§sutt

795 498 1062 542 EPISTOLA
1095 498 1251 542 LXXV
1266 498 1278 519 ¹
1289 529 1298 541 .

359 629 534 669 Domino
551 640 641 668 vere
659 633 795 665 sancto
813 633 851 664 et
864 624 1093 663 beatissimo
1110 637 1219 675 papae
1233 624 1467 673 Amusmo,
1488 622 1746 662 Hffluonrmos

845 688 887 726 in
907 686 1065 726 Christo
1085 685 1270 725 salutem.

355 821 597 877 Respondet
623 819 804 860 tande-m
829 818 1128 875 Hieronymus
1149 818 1208 859 ad
1231 817 1478 874 Augustini
1493 819 1749 872 quaestiones

415 892 665 946 propositas
687 888 735 927 in
751 886 875 942 epist.
899 887 967 927 28.
996 887 1064 937 4ο.
1091 895 1130 927 et
1155 902 1226 942 7¹·
1252 887 1414 927 scilicet
1432 886 1483 927 de
1500 886 1626 927 titulo
1645 887 1751 929 libri

416 956 723 997 ecclesiasticos
759 956 995 1009 scriptores
1027 955 1410 1011 repraesentantis,
1446 955 1496 995 de
1529 954 1658 996 Petro
1681 970 1751 996 re-

413 1025 623 1080 prehenso
645 1039 672 1064 a
696 1023 834 1064 Paulo
859 1024 904 1063 in
930 1023 1070 1079 Epist.
1092 1024 1150 1063 ad
1177 1022 1372 1071 Galatas,
1394 1023 1445 1063 de
1463 1023 1752 1064 translatione

421 1093 588 1133 Veteris
615 1091 905 1138 Testamenti,
928 1106 980 1131 ae
1005 1090 1056 1131 de
1085 1089 1255 1132 heder-m
1283 1089 1488 1132 vocabulo
1521 1091 1642 1147 apud
1670 1090 1751 1131 Jo-

415 1174 555 1201 nam:
582 1159 816 1215 defendens
836 1160 1000 1200 aeriter
1025 1159 1278 1215 scriptiones
1305 1169 1343 1200 et
1367 1159 1753 1215 interpretationes

410 1243 510 1269 suas
532 1227 750 1270 adversus
773 1227 1095 1286 Augustinum.

424 1366 457 1410 l.
499 1386 518 1406 «
541 1365 576 1408 T
583 1380 660 1409 RES
694 1363 825 1408 simul
850 1363 1067 1426 Epistolas
1090 1400 1100 1418 ,
1140 1362 1230 1408 imo
1253 1361 1425 1408 libellos
1460 1363 1639 1420 breves,
1678 1382 1755 1428 per

356 1438 594 1484 diaconum
615 1437 916 1500 Cyprianum,
940 1447 1028 1482 tuae
1045 1435 1311 1496 dignationis
1333 1435 1513 1499 accepi3
1536 1436 1725 1483 diversas
1741 1475 1752 1494 ,

360 1520 409 1555 ut
432 1521 478 1555 tu
499 1507 721 1562 nominas,
744 1506 1032 1570 quaestiones;
1053 1517 1101 1552 ut
1118 1523 1195 1566 ego
1214 1506 1351 1552 sentio
1368 1543 1379 1562 ‚
1403 1505 1756 1570 reprehensiones

361 1579 679 1644 opusculorum
699 1593 897 1623 meorum
920 1577 1191 1623 continentes
1210 1595 1220 1621 :
1239 1576 1294 1622 ad
1312 1593 1421 1640 quas
1439 1577 1471 1622 si
1497 1578 1757 1641 respondere

361 1650 541 1697 voluero
560 1687 571 1706 ,
609 1648 717 1694 libri
746 1647 1048 1706 magnitudine
1079 1664 1190 1710 opus
1216 1648 1311 1694 erit.
1346 1649 1512 1693 Tamen
1539 1650 1753 1703 conabor,

365 1731 582 1784 quantum
620 1719 762 1764 facere
802 1735 975 1780 possum
995 1755 1005 1773 ‚
1045 1719 1227 1763 ‘modum
1266 1735 1356 1764 non
1380 1718 1525 1777 egredi
1550 1718 1758 1779 longioris

365 1790 605 1853 Epistolae,
646 1800 687 1834 et
719 1788 943 1834 festinanti
981 1788 1105 1834 fratri
1145 1806 1314 1834 moram
1346 1805 1436 1834 non
1478 1787 1649 1836 facere:
1679 1791 1757 1855 qui

371 1874 470 1907 ante
489 1860 684 1906 triduum
705 1897 714 1915 ‚
735 1876 866 1922 quam
888 1858 1164 1922 profecturus
1183 1870 1298 1915 erat,
1317 1876 1339 1904 a
1360 1877 1427 1905 me
1447 1860 1665 1923 Epistolas
1681 1862 1759 1908 fla-

371 1932 551 1990 gitavit?
572 1941 633 1991 :ut
668 1946 778 1991 pene
813 1929 857 1973 in
894 1928 1127 1990 procinctu
1147 1929 1245 1975 haec
1268 1929 1606 1995 qualiacumque
1626 1944 1754 1991 sunt,

373 2002 539 2047 ell‘utire
558 1998 860 2062 compellerer,
889 2008 930 2043 ct
951 1998 1239 2044 tumultuario
1263 2000 1522 2063 respondere
1536 2018 1730 2048 sermone
1744 2040 1755 2060 ‚

375 2091 461 2119 non
489 2070 738 2117 maturitate
773 2069 1001 2114 scribentis
1018 2106 1029 2125 ,
1051 2069 1125 2114 sed
1144 2069 1349 2116 dictantis
1368 2072 1634 2128 temeritate,
1659 2090 1758 2137 quae

375 2144 634 2207 plerumque
653 2156 740 2185 non
762 2139 805 2184 in
826 2138 1071 2184 doctrinam
1088 2176 1098 2195 ‚
1125 2139 1202 2185 sed
1236 2141 1279 2185 in
1303 2157 1449 2187 casum
1472 2143 1656 2190 vertitur
1677 2162 1687 2189 τ
1712 2156 1758 2190 ut

376 2213 631 2259 fortissimos
647 2226 821 2273 quoque
840 2209 996 2255 milites
1010 2210 1152 2255 subita
1169 2210 1282 2256 bella
1297 2212 1581 2271 conturbant,
1603 2225 1645 2261 et
1661 2225 1758 2261 ante

374 2294 592 2343 coguntur
611 2281 775 2341 fugere,
790 2296 918 2343 quam
933 2280 1098 2342 possint
1113 2298 1232 2326 arma
1255 2283 1489 2345 corripere.
1512 2305 1532 2326 »

445 2357 502 2401 ΙΙ,
536 2375 555 2395 α
583 2353 802 2398 Caeterum
828 2361 972 2396 nostra
993 2361 1213 2397 armatura
1235 2352 1435 2398 Christus
1453 2365 1537 2411 est,
1563 2366 1606 2401 et
1629 2374 1759 2420 apos-

374 2426 449 2472 toli
468 2424 591 2470 Pauli
609 2422 822 2468 institutio
837 2459 847 2478 ‚
868 2422 947 2485 qui
961 2422 1112 2468 scribit
1128 2422 1182 2468 ad
1200 2423 1441 2486 Ephesios‘2
1466 2443 1476 2470 :
1501 2446 1521 2467 α
1543 2428 1760 2474 Assumite

421 2530 428 2548 ¹
448 2525 534 2557 Alias
553 2536 599 2554 xr.
619 2534 688 2565 qum
707 2527 812 2552 antem
836 2523 889 2560 755.
906 2527 983 2557 erat.
1001 2532 1088 2554 nnnc
1107 2524 1232 2555 250.--
1250 2523 1373 2568 Scripta
1393 2525 1469 2559 circ,
1488 2526 1540 2558 fin.
1557 2538 1609 2562 an.
1628 2536 1758 2567 404,-

368 2584 382 2606 2
406 2582 520 2624 the«,
538 2591 579 2612 vu,
608 2580 659 2612 εἲ),
682 2584 732 2613 τ’..
