1902 3268
622 250 833 279 isvisiom
869 251 1038 280 Lxxxu.
1458 258 1518 302 99

154 315 326 362 credere
353 314 479 360 timeo
510 313 864 376 reprehendenda
882 351 893 370 ,
919 315 1012 377 ipsa
1041 313 1189 361 divina
1212 316 1382 378 eloquia
1409 319 1521 365 mihi

154 384 238 431 sint
256 385 419 448 ubique
437 393 650 447 suspecta.

217 454 292 502 VI.
320 453 558 500 Manichaei
582 452 770 516 plurima
789 453 1034 501 divinarum
1060 455 1406 518 Scripturarum,
1428 457 1524 520 qui-

151 525 237 571 bus
259 542 408 571 eorum
428 525 616 571 nefarius
636 542 755 570 error
774 525 1008 572 clarissima
1031 526 1335 572 sententiarum
1360 528 1526 591 perspi-

151 595 314 641 cuitate
347 595 648 651 convincitur,
687 596 790 658 quia
828 596 871 640 in
901 597 1034 642 alium
1066 613 1237 641 sensum
1273 596 1527 660 detorquere

152 681 242 711 non
261 675 472 728 possunt,
496 663 602 710 falsa
622 682 709 710 esse
729 666 1003 712 contendunt
1024 684 1034 711 :
1067 667 1126 712 ita
1149 677 1309 722 tamen,
1334 678 1381 712 ut
1403 684 1525 713 eam-

153 729 253 780 dem
271 734 498 782 falsitatem
524 729 612 780 non
636 736 930 782 scribentibus
956 735 1174 800 Apostolis
1199 736 1427 788 tribuant,
1452 736 1526 782 sed

152 807 299 851 nescio
321 805 485 869 quibus
509 805 712 851 codicum
734 806 1080 869 corruptoribus.
1113 805 1246 862 Quod
1265 816 1404 851 tamen
1422 805 1527 869 quia

151 892 234 922 nec
258 875 463 939 pluribus
480 875 567 921 sive
588 875 909 938 antiquioribus
929 875 1247 939 exemplaribus
1268 913 1279 932 ,
1311 892 1389 921 nec
1411 892 1531 938 prae—

153 945 346 992 cedentis
369 946 531 1006 linguae
553 945 828 1000 auctoritate,
856 946 972 992 unde
996 946 1121 992 latini
1142 945 1245 991 libri
1266 945 1538 1008 interpretati

152 1025 286 1070 sunt‚·
311 1016 501 1080 probare
531 1014 767 1079 aliquando
793 1027 1033 1079 potuerunt
1054 1034 1064 1062 :
1093 1016 1313 1062 notissima
1331 1015 1536 1061 omuibus

150 1081 334 1132 veritate
365 1086 584 1150 superati,
618 1086 874 1151 confusique
898 1087 1143 1133 discedunt.
1176 1088 1318 1132 lta-ne
1350 1102 1437 1131 non
1464 1085 1537 1131 in-

151 1154 308 1216 telligit
341 1156 578 1221 prudentia
616 1168 763 1202 saneta
806 1169 907 1213 tua,
947 1168 1113 1221 quanta
1149 1156 1329 1202 malitiae
1356 1155 1533 1202 illorum

150 1239 344 1292 patescat
365 1231 535 1277 occasio
552 1265 564 1287 ,
593 1231 628 1276 si
656 1248 743 1276 non
773 1231 828 1277 ab
847 1231 940 1277 aliis
957 1230 1229 1294 Apostolicas
1257 1228 1419 1274 litteras
1448 1245 1535 1275 esse

149 1299 342 1357 falsatas,
363 1301 436 1347 sed
465 1302 583 1365 ipsos
605 1301 836 1364 Apostolos
854 1302 960 1347 falsa
984 1301 1203 1364 scripsisse
1221 1336 1231 1354 ‚
1255 1299 1466 1344 dicamus.

217 1369 317 1417 Vll.
361 1371 460 1416 Non
478 1382 563 1427 est,
589 1371 735 1435 inquis
757 1409 768 1428 ,
806 1372 1017 1418 credibile
1033 1408 1044 1428 ,
1077 1372 1161 1416 boc
1186 1370 1231 1415 in
1255 1370 1385 1414 Petro
1411 1369 1533 1414 Pau-

151 1438 244 1486 lum
263 1477 275 1498 ,
301 1440 423 1505 quod
445 1441 538 1505 ipse
559 1442 724 1488 Paulus
747 1442 907 1489 fecerat
925 1479 936 1499 ‚
967 1441 1166 1502 arguisse.
1193 1441 1291 1486 Non
1319 1455 1436 1484 nunc
1463 1439 1535 1484 in-

151 1511 283 1574 quiro
305 1511 412 1575 quid
437 1512 614 1568 secerit3
638 1513 745 1576 quid
772 1514 992 1577 scripserit
1010 1529 1165 1576 quaero
1187 1529 1197 1556 :
1216 1511 1302 1556 hoc
1324 1509 1378 1556 ad
1394 1526 1533 1573 quaes-

154 1581 319 1628 tionem
336 1617 348 1637 ,
399 1600 532 1646 quam
574 1585 742 1647 suscepi
762 1621 772 1639 ‚
823 1584 1006 1630 maxime
1043 1583 1258 1647 pertinet3
1296 1591 1343 1626 ut
1378 1581 1532 1627 veritas

152 1650 400 1699 divinarum
417 1654 745 1718 Scripturarum
761 1691 771 1711 ,
797 1655 850 1700 ad
871 1665 1061 1700 nostram
1076 1653 1206 1698 fidem
1226 1649 1532 1697 aedificandam

150 1724 373 1769 memoriae
407 1725 710 1772 commendata
728 1762 738 1781 ‚
768 1742 856 1771 non
879 1745 901 1771 a
919 1724 1214 1789 quibuslibet,
1247 1722 1320 1768 sed
1347 1721 1402 1767 ab
1425 1720 1531 1783 ipsis

151 1793 396 1858 Apostolis,
422 1813 470 1842 ac
492 1814 572 1860 per
596 1798 681 1843 hoc
707 1798 752 1843 in
776 1798 1034 1843 canonicum
1062 1795 1328 1841 auctoritatis
1354 1792 1527 1839 culmen

150 1875 343 1929 recepta,
363 1882 412 1911 ex
429 1867 548 1912 omni
571 1879 694 1929 parte
715 1885 839 1913 verax
854 1878 980 1930 atque
998 1864 1291 1912 indubitanda
1310 1862 1522 1927 persistat.

151 1936 264 1982 Nam
286 1935 320 1981 si
353 1935 441 1982 hoc
474 1937 576 1984 fecit
600 1939 754 1984 Petrus
772 1975 782 1994 ‚
806 1939 925 2001 quod
948 1937 1085 1984 facere
1115 1935 1297 1988 debuit;
1322 1934 1525 1979 mentitus

151 2016 213 2052 est
237 2005 399 2052 Paulus
423 2008 543 2070 quod
577 2025 672 2054 eum
701 2009 859 2055 viderit
884 2025 972 2054 non
996 2020 1111 2055 recte
1133 2006 1443 2066 ingredientem
1470 2007 1526 2054 ad

150 2077 377 2138 veritatem
396 2078 634 2139 Evangelii.
677 2079 886 2144 Quisquis
912 2079 1027 2124 enim
1046 2079 1133 2125 hoc
1159 2077 1289 2133 facit,
1317 2076 1436 2140 quod
1455 2077 1523 2123 fa-

151 2146 248 2194 cer'e
264 2147 412 2204 debet,
435 2158 551 2194 recte
569 2149 720 2212 utique
739 2148 857 2197 facit.
886 2151 941 2195 Et
960 2149 1057 2195 ideo
1068 2149 1222 2195 falsum
1236 2147 1376 2193 deillo
1395 2147 1521 2203 dicit,

151 2219 229 2285 qui
248 2218 358 2264 dicit
389 2235 490 2265 eum
514 2236 603 2265 non
636 2230 750 2265 recte
771 2219 942 2277 fecisse,
975 2220 1215 2283 quodcum
1243 2218 1364 2264 novit
1385 2217 1525 2264 facere

152 2288 366 2337 debuisse.
404 2289 450 2335 Si
482 2300 624 2336 autem
656 2308 807 2337 verum
837 2291 1011 2354 scripsit
1040 2291 1224 2343 Paulus;
1259 2305 1407 2335 verum
1435 2298 1521 2344 est,

152 2359 273 2422 quod
298 2359 451 2406 Petrus
471 2377 559 2406 non
589 2372 704 2407 recte
732 2372 837 2407 tunc
866 2361 1192 2421 ingrediebatur
1214 2359 1268 2405 ad
1301 2359 1524 2405 veritatem

154 2424 391 2489 Evangelii.
431 2428 484 2474 Id
507 2446 608 2490 ergo
635 2430 853 2487 faciebat,
877 2430 999 2493 quod
1020 2429 1161 2476 facere
1192 2445 1279 2475 non
1297 2428 1486 2474 debebat
1510 2445 1521 2472 z

87 2511 90 2514 ’
152 2510 195 2546 et
217 2499 251 2545 si
272 2500 356 2546 tale
381 2499 546 2563 aliquid
572 2501 730 2546 Paulus
754 2502 844 2565 ipse
858 2505 950 2560 jam
975 2501 1150 2557 fecerat,
1172 2509 1413 2545 correctum
1440 2516 1524 2562 po-

155 2571 239 2618 tius
261 2571 390 2618 etiam
411 2570 554 2635 ipsum
577 2572 751 2619 credant
773 2571 1012 2635 coapostoli
1032 2572 1095 2619 sui
1115 2570 1421 2617 correctionem
1439 2586 1526 2616 non

1325 2658 1349 2667 .-

1330 2671 1366 2703 s.
