1902 3268
343 310 438 373 370
766 323 805 354 s.
845 321 1091 356 AUGUSTINI
1125 326 1333 357 EPlsCot‘l

343 398 520 445 vocant,
548 404 681 452 quam
696 386 750 433 de
772 387 1023 449 Anaxagora
1043 401 1085 437 et
1103 391 1352 437 Democrito
1373 390 1500 438 nobis
1525 391 1725 454 cogitan-

342 459 448 507 dum
468 459 567 506 fuit.

411 530 539 577 XIII.
580 528 659 575 Ille
691 538 832 574 autem
852 528 1051 593 quisquis
1081 530 1156 576 abs
1181 541 1221 577 te
1245 533 1519 596 quaesiverit,
1548 551 1649 598 qnae
1678 537 1726 581 'tu

346 619 371 648 a
399 599 526 647 nobis
554 598 713 663 quaeris
731 635 744 656 ‚
770 599 949 654 audiat,
972 600 1094 663 quod
1118 617 1167 647 ea
1199 601 1371 649 doctius
1406 614 1446 649 et
1469 604 1728 667 prudentius

346 671 526 720 nescias.
557 670 604 716 Si
626 670 742 716 enim
766 670 1086 717 Themistocles
1110 689 1197 717 non
1219 674 1406 728 curavit,
1433 675 1553 737 quod
1571 686 1632 721 est
1650 676 1727 721 ha-

341 742 462 789 bitus
479 740 699 788 indoctior
714 778 725 795 ‚
753 757 856 787 cum
876 757 1031 787 canere
1059 742 1203 789 nervis
1222 743 1267 788 in
1291 744 1431 807 epulis
1454 755 1717 801 recusasset,

344 813 424 859 ubi
444 829 545 859 cum
577 829 620 858 se
649 812 813 858 nescire
833 812 905 858 illa
925 811 1129 871 dixisset,
1159 823 1288 877 atque
1315 815 1353 860 ei
1381 814 1550 862 dictum
1581 825 1717 873 esset,

344 885 465 944 Quid
501 884 636 945 igitur
659 885 808 931 nosti?
845 884 1099 948 respondit,
1130 886 1483 949 'Rempublicam
1517 905 1565 933 ex
1587 903 1723 951 parva

341 972 544 1016 magnam
567 954 707 1001 facere
726 972 737 999 ε
774 954 1071 1001 dubitandum
1094 965 1156 1001 est
1180 956 1263 1002 tibi
1284 956 1445 1014 dicere,
1464 968 1503 1003 te
1522 957 1603 1003 ista
1623 973 1723 1003 nes-

344 1027 451 1084 cire,
477 1043 579 1073 cum
603 1026 641 1071 ei
661 1026 739 1089 qui
767 1027 930 1086 rogarit
952 1026 1061 1089 quid
1079 1027 1262 1085 noveris,
1283 1027 1544 1091 respondere
1561 1028 1721 1091 possiS‚

343 1098 476 1144 Nosse
501 1107 541 1143 te
563 1095 790 1160 quomodo
817 1098 947 1142 etiam
973 1097 1062 1143 sine
1079 1097 1167 1143 istis
1194 1098 1328 1144 homo
1354 1116 1440 1145 esse
1458 1100 1592 1163 possit
1615 1100 1725 1145 bea-

337 1172 436 1215 tus?
456 1168 588 1226 Quod
609 1167 643 1213 si
667 1167 816 1213 adhuc
836 1184 925 1213 non
946 1178 1079 1225 tenes,
1106 1179 1194 1214 tam
1213 1186 1411 1232 perverse
1435 1171 1515 1216 ista
1535 1169 1726 1233 conqui-

339 1240 398 1287 ris
416 1277 427 1297 ‚
449 1256 582 1304 quam
611 1255 808 1302 perverse
844 1239 878 1283 si
911 1238 1058 1302 aliquo
1084 1240 1281 1302 corporis
1305 1239 1552 1302 periculoso
1570 1239 1726 1285 morbo

341 1309 596 1372 gravareris,
621 1308 799 1355 delicias
817 1319 859 1355 et
888 1310 1141 1356 tenerrimas
1159 1321 1293 1356 vestes
1309 1311 1457 1374 potius
1475 1328 1609 1374 quam
1633 1322 1727 1356 nie-'-

342 1382 590 1428 dicamenta
608 1380 886 1445 medicosque
907 1382 1201 1446 conquireres.
1233 1383 1332 1428 Non
1349 1382 1461 1427 enim
1488 1381 1578 1427 ullo
1596 1380 1728 1427 modo

339 1451 579 1499 differenda
597 1462 662 1497 est
683 1451 764 1496 ista
784 1451 994 1512 cognitio,
1018 1463 1093 1498 aut
1116 1452 1206 1498 ulla
1226 1452 1332 1498 huic
1353 1470 1376 1498 a
1398 1462 1456 1508 te,
1482 1453 1727 1516 preesertim

337 1527 430 1584 jam
456 1524 503 1569 in
526 1523 612 1568 hac
636 1532 762 1568 aetate
781 1559 792 1579 ,
832 1522 900 1568 vel
935 1522 1133 1569 discendi
1158 1522 1310 1569 ordine
1340 1522 1613 1587 praeferenda
1645 1532 1720 1570 est.

342 1593 454 1640 Vide
476 1603 620 1639 autem
643 1609 777 1656 quarn
806 1592 930 1638 facile
959 1610 1104 1657 posses
1132 1594 1218 1640 hoc
1240 1593 1373 1650 scire,
1406 1593 1439 1638 si
1472 1593 1614 1640 velles.
1640 1593 1730 1649 Qui

344 1666 458 1711 enirn
487 1664 648 1728 quaerit
664 1663 887 1726 quomodo
908 1664 965 1709 ad
990 1665 1162 1710 beatam
1185 1664 1320 1709 vitam
1341 1664 1594 1727 perveniat,
1617 1663 1733 1708 nihil

344 1734 465 1783 aliud
490 1734 691 1798 profecto
710 1734 886 1798 quaerit,
912 1734 995 1780 nisi
1012 1735 1163 1781 ubisit
1185 1735 1283 1780 finis
1301 1734 1436 1790 boni,
1462 1734 1550 1780 hoc
1568 1744 1631 1779 est
1654 1733 1733 1779 ubi

346 1808 635 1855 constitutum
655 1806 742 1862 sit,
774 1822 865 1851 non
897 1824 1035 1870 prava
1072 1806 1280 1870 opinione
1308 1816 1439 1868 atque
1473 1804 1699 1850 temeraria
1717 1840 1729 1860 ,

347 1877 421 1924 sed
455 1887 571 1924 certa
597 1887 724 1940 atque
762 1876 1020 1923 inconcussa
1047 1877 1229 1922 veritate
1250 1913 1261 1933 ‚
1288 1892 1507 1922 summum
1542 1874 1734 1920 hominis

348 1950 516 1996 bonum
544 1965 555 1993 ε
579 1946 698 2010 quod
720 1965 741 1992 a
760 1947 959 2010 quolibet
985 1948 1061 1993 ubi
1081 1947 1372 1993 constituatur
1389 1963 1477 1991 non
1492 1945 1730 2001 invenitur,

348 2021 430 2066 nisi
467 2020 605 2065 autin
635 2036 846 2081 corpore,
872 2030 946 2064 aut
977 2021 1021 2064 iu
1054 2020 1223 2071 animo,
1249 2028 1324 2063 aut
1359 2019 1404 2062 in
1436 2020 1551 2071 Deo,
1581 2027 1655 2061 aut
1689 2016 1735 2061 in

348 2090 525 2136 duobus
546 2089 766 2152 aliquibus
794 2088 972 2145 horum,
999 2100 1074 2134 aut
1099 2099 1213 2133 certe
1232 2089 1275 2133 in
1300 2089 1520 2133 omnibus.
1554 2085 1736 2143 Quodsi

352 2161 557 2207 didiceris
576 2197 587 2216 ‚
618 2177 757 2223 neque
782 2176 1002 2205 summum
1026 2162 1190 2205 bonum
1213 2197 1223 2215 ,
1249 2176 1327 2204 nce
1353 2159 1541 2221 aliquan]
1568 2169 1736 2220 partem

350 2233 510 2279 summi
543 2231 651 2277 boni
692 2231 872 2277 omnino
911 2250 998 2278 esse
1025 2233 1070 2278 in
1109 2248 1325 2295 corporc3
1369 2231 1457 2275 duo
1484 2229 1736 2287 restabunt,

354 2305 523 2350 animus
545 2313 586 2349 et
619 2304 734 2348 Deus
753 2340 763 2359 ‚
790 2320 979 2366 quorum
1007 2304 1073 2349 vel
1095 2304 1138 2349 in
1164 2320 1250 2348 uno
1271 2302 1339 2348 vel
1358 2303 1403 2347 in
1429 2302 1645 2347 ambobus
1663 2301 1730 2347 sit.

354 2376 400 2421 Si
421 2386 565 2421 autern
586 2373 796 2433 adjeceris
815 2385 855 2419 et
876 2375 1080 2421 didiceris
1106 2375 1192 2419 hoc
1214 2374 1328 2419 idem
1354 2373 1408 2418 de
1433 2373 1592 2429 animo,
1618 2369 1738 2435 quod

356 2446 409 2492 de
429 2462 636 2508 corpore3
657 2444 766 2507 quid
790 2444 905 2491 aliud
938 2451 1029 2506 jam
1064 2446 1145 2490 nisi
1181 2446 1294 2490 Deus
1326 2454 1525 2489 occurret
1546 2479 1557 2497 ‚
1585 2443 1629 2488 in
1648 2456 1738 2505 quo

355 2532 572 2562 summum
592 2515 786 2560 hominis
808 2515 973 2561 honum
998 2516 1286 2561 constitutum
1315 2514 1396 2570 sit3
1427 2531 1515 2558 non
1540 2529 1629 2576 quo
1657 2511 1740 2557 alia

357 2587 474 2632 bona
492 2602 578 2631 non
600 2586 705 2640 sint,
733 2585 805 2630 scd
822 2603 1040 2631 summum
1063 2586 1106 2632 id
1130 2586 1319 2640 dicitur,
1344 2600 1431 2647 quo
1452 2593 1609 2629 cuncta
1628 2581 1740 2627 refe-

355 2667 529 2705 runtur.
549 2656 613 2702 Eo
630 2655 744 2701 enim
767 2655 953 2703 fruendo
971 2657 1157 2720 quisque
1174 2656 1326 2701 beatus
1343 2664 1406 2701 est
1425 2664 1604 2718 propter
1619 2648 1741 2716 quod
