1902 3268
340 262 423 292 1520
542 279 547 285 -
756 264 788 292 S.
833 262 1074 292 stttctrs't'txt
1113 262 1312 292 Episcopi

333 327 572 372 eaecitatem
593 364 602 377 .
624 343 754 390 quam
777 327 899 373 cordi
918 339 991 374 tuo
1013 345 1091 374 nec
1114 329 1246 373 tribui
1265 365 1276 381 ,
1299 344 1376 374 nec
1402 327 1544 384 timui,
1569 327 1704 374 attin-

329 397 518 457 gendum
547 397 655 443 illud
681 399 918 444 existimavi
942 418 951 444 z
984 409 1111 463 atque
1135 398 1372 445 identidem
1396 415 1501 460 rogo
1522 437 1533 456 ‚
1565 410 1613 446 ut
1636 417 1704 446 me

328 469 512 515 fidenter
537 469 727 527 corrigas
749 506 758 524 ‚
801 469 877 514 ubi
903 469 1012 515 mihi
1039 471 1126 516 hoc
1158 487 1268 534 opus
1297 487 1383 517 esse
1417 472 1699 535 perspexeris,

327 541 592 602 Quanquznn
642 539 756 584 enim
795 539 1034 586 secundum
1071 540 1290 588 honorum
1324 542 1569 598 vocabula,
1607 559 1708 606 quae

323 615 415 671 jam
445 610 648 656 Ecclesiae
669 627 768 655 usus
793 611 1003 667 obtinuit,
1025 611 1302 676 episcopatus
1326 613 1597 677 presbyterio
1619 631 1709 659 ma·

325 685 397 741 jor
428 682 516 726 sit:
549 692 688 726 tamen
719 682 764 726 in
796 681 942 727 multis
980 682 1109 728 rebus
1141 683 1406 743 Augustinus
1436 685 1709 748 Hieronymo

332 753 475 798 minor
506 763 567 797 est
599 770 608 797 ε
646 752 747 798 licet
776 753 904 798 etiam
926 771 946 798 a
975 753 1141 800 minore
1167 754 1367 818 quolibet
1398 772 1486 801 non
1510 756 1564 802 sit
1589 754 1710 802 refu-

330 824 484 884 gienda
512 824 577 869 vel
603 824 879 884 dedignanda
907 826 1133 872 correctio.

396 894 600 940 XXXIV.
632 895 693 938 De
721 894 1079 958 interpretatione
1098 906 1170 941 tua
1190 898 1280 955 jam
1306 895 1414 941 mihi
1431 895 1679 959 persuasisti
1699 932 1710 951 ,

331 982 417 1027 qua
458 965 642 1010 utilitate
665 964 914 1028 Scripturas
935 967 1121 1012 volueris
1144 965 1371 1013 transferre
1397 967 1451 1013 de
1484 966 1682 1012 Hebraeis
1705 983 1716 1022 ;

330 1045 380 1080 ut
400 1035 563 1080 seilicet
590 1053 636 1081 ea
657 1073 667 1089 ,
692 1053 791 1100 quae
815 1054 837 1081 a
862 1037 1030 1083 Judaeis
1060 1037 1351 1101 praetermissa
1367 1075 1378 1093 ‚
1415 1037 1483 1083 vel
1506 1047 1715 1100 corrupta

331 1116 428 1150 sunt
446 1142 455 1156 ,
486 1106 699 1168 proferres
722 1107 766 1152 in
790 1106 1001 1153 medium.
1031 1107 1115 1153 Sed
1141 1108 1356 1153 insinuare
1382 1107 1572 1167 digneris
1588 1118 1710 1170 peto,

334 1195 353 1221 a
379 1175 541 1238 quibus
565 1176 730 1222 «Iudaeis
752 1214 762 1232 ,
790 1187 937 1222 utrum
960 1178 1015 1222 ab
1039 1178 1098 1223 eis
1121 1178 1224 1241 ipsis
1241 1215 1252 1232 ‚
1268 1178 1458 1242 quiante
1477 1178 1713 1224 adventum

335 1247 510 1292 Domini
530 1247 802 1310 interpretati
823 1259 942 1305 sunt,
973 1259 1014 1294 et
1030 1249 1063 1294 si
1084 1250 1142 1294 ita
1166 1259 1257 1305 est,
1291 1249 1454 1313 quibus
1472 1286 1482 1305 ,
1512 1248 1580 1295 vel
1598 1265 1715 1313 quo-

334 1335 432 1363 nam
459 1335 635 1363 (forum
626 1356 637 1374 ‚
670 1337 722 1364 an
749 1319 832 1365 c‘d)
823 1320 913 1365 istis
939 1320 1177 1383 posterius,
1204 1319 1282 1383 qui
1308 1330 1542 1383 propterea
1567 1319 1714 1383 putari

338 1401 533 1453 possunt
554 1391 766 1453 aliquado
791 1391 1051 1437 todicibns
1043 1392 1563 1451 smcmflqubtmucse
1581 1390 1683 1438 tel
1674 1408 1716 1436 in

332 1461 390 1506 «is
418 1462 617 1524 ‹oirupis
612 1480 680 1508 ;s‹.
709 1481 761 1508 ne
782 1462 864 1508 illis
888 1463 1144 1508 testimoniis
1167 1462 1221 1508 de
1239 1462 1477 1508 ‹mh1istiana
1497 1461 1583 1508 fide
1605 1478 1716 1507 con-

332 1533 632 1578 xi11«ro.nuu
626 1537 642 1569 )
674 1533 741 1579 Uli
763 1545 907 1579 autem
931 1535 1163 1579 anteriores
1184 1550 1263 1579 cur
1283 1534 1369 1579 hoc
1395 1532 1536 1579 ficere
1561 1533 1716 1580 volue-

334 1604 449 1659 rint,
472 1621 558 1649 non
578 1604 765 1651 invenio.
795 1604 960 1650 Deinde
984 1605 1112 1650 nobis
1137 1605 1280 1649 mittas
1297 1604 1478 1649 obsecro
1498 1603 1717 1667 interpre-

337 1668 541 1714 tationem
579 1679 698 1715 tuam
734 1669 787 1715 de
824 1670 1142 1733 Septuaginta;
1173 1685 1304 1732 quam
1331 1679 1370 1713 te
1399 1667 1582 1714 edidisse
1616 1685 1716 1714 nes-

338 1739 525 1786 ciebam.
553 1740 737 1786 Librum
758 1757 934 1804 quoque
959 1751 1102 1795 tuum⁷
1132 1743 1257 1800 cujus
1276 1739 1537 1786 mentionem
1558 1739 1714 1796 fecisti,

341 1832 361 1852 c<
375 1812 439 1856 De
451 1812 619 1875 optimo
642 1830 793 1872 genere
811 1811 1146 1876 interpretandi,
1160 1833 1179 1853 ›>
1192 1812 1325 1875 cupio
1336 1811 1472 1871 legere
1487 1831 1498 1865 3
1515 1821 1556 1857 et
1571 1809 1718 1857 adhuc

337 1899 460 1928 nosse
478 1920 487 1938 ‚
510 1883 733 1946 quomodo
757 1883 1028 1947 coaequanda
1049 1884 1103 1929 sit
1122 1884 1166 1929 in
1190 1883 1425 1946 interprete
1445 1882 1602 1946 peritia
1628 1882 1719 1928 lin-

339 1971 519 2013 guarum
541 1991 551 2009 ‚
581 1956 844 2014 conjecturis
871 1973 1019 2002 eorum
1038 1991 1048 2012 ⁷
1070 1955 1145 2018 qui
1168 1955 1418 2018 Scripturas
1443 1953 1717 2000 edisserendo

336 2035 630 2088 pertractant3
656 2042 764 2088 quos
788 2043 956 2072 necesse
978 2037 1068 2082 est,
1096 2025 1264 2072 etiamsi
1290 2035 1404 2071 recte
1431 2035 1560 2088 atque
1590 2025 1719 2071 unius

338 2096 440 2142 fidei
463 2096 624 2142 fuerint
644 2134 654 2152 ‚
680 2097 817 2143 varias
838 2116 989 2161 parere
1007 2098 1052 2143 in
1074 2098 1314 2144 multorum
1338 2096 1537 2142 locorum
1562 2096 1721 2143 obscu-

338 2168 464 2212 ritate
493 2168 753 2213 sententias:
782 2170 983 2232 quamvis
1019 2186 1295 2233 nequaquam
1330 2168 1424 2231 ipsa
1454 2167 1637 2214 varietas
1661 2167 1718 2214 ab

340 2236 530 2296 ejusdem
556 2237 659 2284 fidei
689 2239 850 2285 unitate
875 2239 1114 2296 discordet;
1139 2239 1251 2286 sicut
1276 2239 1406 2284 etiam
1427 2255 1539 2284 unus
1562 2248 1721 2284 tracta-

344 2319 426 2363 tor,
451 2309 690 2355 seeundum
713 2310 908 2357 eamdem
935 2311 1063 2358 fidem
1091 2311 1212 2356 aliter
1233 2321 1360 2373 atque
1382 2309 1506 2355 aliter
1517 2307 1718 2355 eumdem

348 2378 491 2425 locum
517 2391 659 2443 potest
678 2399 908 2445 exponere,
930 2383 1032 2446 quia
1057 2382 1144 2428 hoc
1160 2384 1252 2442 ejtts
1269 2380 1510 2427 obscuritas
1532 2381 1715 2444 patitur.

406 2451 586 2497 XXXV.
624 2451 727 2498 Ideo
764 2464 908 2500 autem
944 2453 1140 2500 desidero
1169 2451 1569 2516 interpretationem
1598 2462 1719 2497 tuam

344 2520 398 2566 de
421 2520 703 2584 Septuaginta
722 2560 732 2578 ‚
763 2534 809 2569 ut
829 2535 871 2570 et
896 2535 1017 2571 tanta
1040 2524 1274 2571 latinorum
1300 2523 1587 2585 interpretum
1609 2559 1620 2578 ‚
1643 2521 1720 2585 qui

344 2590 682 2656 qualescumque
707 2593 792 2641 hoe
828 2596 918 2642 ausi
943 2607 1065 2653 sunt,
1083 2607 1297 2660 quantum
1324 2609 1554 2658 possumus
1576 2592 1721 2657 impe-
