1902 3268
655 272 870 305 ErtsronA
908 274 998 304 etv.
1437 261 1529 321 295

144 340 327 394 modum
351 341 688 402 ignosceremus,
715 338 748 384 si
767 338 821 384 ab
838 337 897 384 eis
917 337 1064 401 aliquo
1086 338 1302 400 petulanti
1326 339 1526 385 convicio

145 424 468 481 appeteremur.

210 483 329 531 XIV.
364 482 449 529 Sed
475 478 847 546 quemadmodum
866 479 911 525 id
936 478 1166 525 astruxeris
1195 478 1292 526 vide
1317 496 1327 522 ε
1355 498 1374 520 ες
1401 479 1453 523 Et
1476 478 1528 534 si,

149 563 198 604 ut
210 553 496 618 quibusdam,
518 552 680 615 inquis,
704 550 983 614 philosophis
1004 551 1163 613 placet,
1191 550 1336 595 omnia
1351 560 1530 611 peccata

182 625 270 671 aria
289 636 405 681 sunt,
435 623 706 684 indulgentia
730 622 936 667 omnihus
965 621 1095 666 debet
1120 638 1205 665 esse
1225 620 1482 666 communis.
1509 641 1529 662 »

144 642 314 742 iseinde
351 712 453 742 cum
491 694 613 760 quasi
647 692 812 740 moliris
850 692 1072 738 ostendere
1113 691 1259 736 omnia
1295 691 1417 753 paria
1446 707 1532 736 esse

143 778 353 836 peccata,
394 766 623 828 subjungis
663 776 705 811 et
735 764 871 823 dicis,
901 786 922 806 c<
952 762 1228 809 Petulantius
1259 761 1430 807 locutus
1469 771 1532 807 est

146 836 323 904 aliquiS,
361 838 588 903 peccavit3
625 835 826 882 convicia
860 845 933 881 aut
958 834 1144 880 crimina
1176 832 1379 892 ingessit,
1406 848 1531 895 aeque

143 908 397 977 peccavit.»
435 908 532 954 Hoc
569 923 658 952 non
685 916 748 951 est
784 905 965 961 docere,
999 904 1073 950 sed
1104 903 1150 950 id
1177 902 1297 966 quod
1326 918 1525 965 perverse

145 979 351 1035 sentitur,
372 979 462 1025 sine
482 976 568 1023 ulla
589 977 956 1022 documentorum
978 974 1242 1021 astructione
1261 989 1520 1036 proponere.

145 1048 215 1099 Ad
231 1049 319 1097 hoc
333 1049 465 1106 enim,
481 1047 602 1114 quod
619 1047 746 1104 dicis,
764 1069 785 1090 <c
804 1049 939 1111 AEque
956 1046 1176 1110 peccavit,
1198 1044 1320 1090 »cito
1339 1060 1524 1106 respon-

143 1117 295 1178 detur,
318 1138 408 1168 non
436 1138 560 1185 aeque
584 1119 800 1184 peccavit.
840 1119 982 1178 Exigis
1013 1116 1203 1163 fortassis
1224 1126 1272 1162 ut
1298 1115 1486 1178 probem
1509 1130 1521 1158 ε

146 1193 257 1259 quid
285 1194 400 1240 enim
426 1205 497 1249 tu,
537 1193 659 1257 quod
690 1210 815 1256 aeque
854 1191 1131 1255 peccaverit,
1167 1192 1259 1248 jam
1295 1187 1532 1252 probasti?

148 1266 216 1318 An
243 1263 356 1310 illud
383 1264 504 1328 quod
539 1265 687 1324 jungis
709 1263 976 1310 audiendum
1001 1266 1092 1308 est?
1121 1283 1141 1302 «
1159 1260 1309 1306 Aliena
1350 1258 1533 1322 quisque

148 1333 358 1398 diripuit,
392 1336 507 1384 inter
530 1335 690 1382 delicta
732 1345 1003 1382 numeratur.
1029 1355 1049 1375 ›>
1088 1333 1172 1378 Hic
1206 1331 1333 1376 etiam
1374 1328 1535 1391 tuipse

148 1405 468 1452 verecundatus
499 1423 543 1452 es
576 1424 587 1451 ι
614 1405 779 1469 puduit
801 1406 916 1452 enim
943 1415 980 1450 te
1016 1404 1160 1450 dicere
1183 1400 1303 1465 quod
1335 1398 1536 1463 peccavit

148 1475 401 1540 aequaliter;
430 1475 530 1533 sed,
550 1497 571 1518 c<
594 1477 712 1522 Inter
737 1476 921 1532 delicta,
950 1475 1116 1539 inquiS,
1145 1480 1414 1518 numeratur.
1437 1469 1536 1515 Non

150 1556 295 1596 autem
317 1546 381 1595 ibi
410 1547 595 1611 quaestio
624 1558 687 1593 est
719 1559 867 1593 utrum
888 1558 929 1592 et
952 1547 1039 1593 hoc
1064 1547 1176 1592 inter
1193 1543 1351 1590 delicta
1374 1557 1534 1588 nume-

149 1626 295 1673 retur,
321 1617 395 1662 sed
421 1628 570 1665 utrum
602 1618 691 1664 hoc
727 1618 789 1664 illi
835 1617 995 1664 delicto
1031 1616 1279 1680 aequalitate
1306 1616 1530 1673 jungatur.

150 1687 240 1733 Aut
261 1685 297 1732 si
321 1696 555 1751 propterea
579 1698 681 1733 sunt
703 1687 828 1751 paria
848 1723 858 1744 ,
882 1688 985 1750 quia
1016 1697 1200 1749 utraque
1219 1682 1378 1729 delicta
1403 1691 1531 1736 sunt,

150 1772 294 1803 mures
315 1767 358 1803 et
374 1756 600 1820 elephanti
623 1775 749 1822 pares
779 1769 908 1804 erunt
928 1795 938 1814 ,
976 1757 1081 1822 quia
1106 1767 1290 1819 utraque
1308 1762 1409 1800 sunt
1439 1751 1537 1798 anie·

149 1826 278 1876 malia
299 1844 310 1883 ;
329 1844 493 1874 muscae
509 1838 552 1875 et
567 1829 747 1892 aquilae,
775 1830 880 1893 quia
906 1839 1091 1892 utraque
1110 1825 1320 1875 volatilia.

213 1896 312 1946 XV.
339 1897 501 1945 Adhuc
526 1898 657 1945 etiam
682 1899 981 1962 progrederis,
1013 1910 1055 1946 et
1087 1901 1331 1957 conjectas,
1375 1916 1395 1938 c<
1415 1895 1536 1941 Loca

151 1965 360 2030 prosena,
401 1985 610 2032 sacraque
632 1968 836 2025 violavit,
862 1986 950 2015 non
987 1980 1050 2016 est
1074 1969 1130 2016 ab
1163 1964 1435 2026 indulgentia
1469 1981 1538 2009 se-

151 2037 408 2087 cernendus·
437 2059 459 2081 u
493 2040 580 2087 Hic
604 2056 704 2086 sane
733 2039 788 2086 de
802 2040 977 2088 violatis
1001 2040 1131 2088 sacris
1155 2038 1262 2086 loeis
1294 2036 1347 2082 ad.
1371 2035 1539 2081 facinus

151 2119 329 2159 tuorum
368 2109 534 2159 civium
556 2112 791 2175 pervenisti
819 2130 830 2158 ε
865 2130 1016 2161 verum
1051 2110 1267 2158 locutioni
1298 2106 1538 2172 petulanti,

152 2196 234 2230 nec
258 2190 306 2226 tu
321 2180 415 2243 ipse
434 2183 672 2245 coaequasti
690 2201 703 2237 Ξ
727 2183 1036 2230 tantummodo
1070 2183 1128 2229 eis
1147 2179 1292 2245 petisti
1313 2176 1540 2235 indulgen-

154 2250 281 2308 tiam,
306 2266 408 2314 quae
427 2261 542 2297 recte
568 2253 734 2316 petitur
756 2271 779 2300 a
805 2253 1066 2300 Christianis
1089 2261 1273 2315 propter
1304 2246 1540 2293 abundan-
1564 2277 1566 2280 ψ

154 2331 241 2368 tem
263 2320 603 2380 miserationem,
627 2339 715 2369 non
744 2334 928 2387 propter
947 2334 1231 2387 peccatorum
1252 2317 1532 2383 parilitatem.

155 2391 249 2452 Ego
261 2401 404 2437 autem
424 2409 554 2456 supra
568 2394 696 2457 posui
719 2394 801 2439 scri
808 2405 931 2457 ptum
951 2395 992 2438 in
1020 2391 1192 2438 Litteris
1207 2388 1406 2443 nostris,«
1425 2385 1538 2432 Uni-

155 2483 178 2509 »
202 2478 337 2513 versae
360 2463 444 2513 viae
483 2465 664 2511 Domini
696 2463 992 2513 misericordia
1019 2474 1062 2510 et
1085 2462 1241 2510 veritas
1259 2459 1335 2504 1.»
1373 2458 1538 2504 Conse·-

151 2545 341 2599 quemut
359 2534 507 2601 itaque
530 2535 875 2588 misericordiam
889 2570 903 2595 ,
925 2534 960 2586 si
982 2551 1070 2585 non
1094 2532 1269 2584 oderint
1290 2529 1534 2579 veritatem.

205 2615 218 2642 ¹
236 2613 325 2652 Psal.
344 2629 431 2658 xmv.
451 2629 504 2657 xo.
