1902 3268
400 257 482 310 ιβ’,
803 270 836 298 s.
880 268 1125 298 Auccsrmr
1160 268 1363 298 err-soom

463 338 538 381 lx.
573 334 759 380 Proinde
782 334 824 378 in
850 334 1047 379 universa
1070 334 1143 379 illa
1165 333 1341 379 civitate
1363 349 1450 378 non
1475 334 1722 380 innocentes
1746 353 1768 380 a

394 424 500 452 now
492 407 629 451 ntibu
637 423 653 449 5
675 443 684 452 .
712 404 783 449 sed
815 405 955 449 minus
983 416 1183 449 nocentes
1211 423 1231 449 a
1258 404 1583 450 nocentioribus
1607 405 1770 468 poteris

391 479 490 525 iorzt
495 495 569 522 :sse
594 476 848 521 discerncre.
881 476 990 519 Nun
1010 477 1053 519 in
1086 493 1222 537 palvo
1248 493 1371 539 ptcc
1360 486 1428 521 110
1453 476 1633 522 illisunt
1652 477 1767 541 ‚qui

390 559 508 596 metu
534 546 729 592 deteiriti
745 581 755 600 ‚
794 546 1061 607 maximeque
1094 562 1147 589 ne
1168 546 1433 591 ostenderent
1453 563 1521 592 eos
1544 584 1554 602 ‚
1588 564 1697 610 quos
1721 549 1767 593 iu

386 618 461 665 illo
483 617 651 681 oppido
676 616 916 679 plutimum
943 632 1095 678 posse,
1117 625 1158 659 et
1177 616 1376 661 inimicos
1397 616 1602 663 Ecclesiae
1630 635 1766 664 nove-

383 700 480 734 rant
500 726 509 744 ‚
543 705 670 751 opem
692 688 799 733 serre
820 703 906 731 non
934 687 1025 731 ausi
1044 696 1143 731 sunt
1169 703 1180 731 :
1216 686 1407 731 scelerati
1433 699 1575 734 autem
1596 705 1761 745 omnes,

383 761 547 823 quibus
568 761 643 804 etsi
665 775 752 803 non
771 756 1047 813 facientibus,
1076 774 1215 820 neque
1234 756 1592 813 immittentibus,
1620 769 1765 806 tamen

381 831 632 877 volentibus
663 831 743 875 ista
778 829 1005 874 commissa
1031 839 1161 874 sunt:
1193 828 1506 883 sceleratiores,
1534 829 1610 893 qui
1640 846 1765 875 com-

380 903 620 955 miserunt3
642 900 972 955 sceleratissimi,
996 900 1071 963 qui
1093 900 1382 946 immiserunt.
1412 899 1496 945 Sed
1518 900 1571 945 de
1593 900 1765 947 immis-

378 975 496 1019 sione
522 972 812 1036 suspicionem
843 982 1048 1050 putemus
1078 989 1164 1016 esse
1197 988 1282 1016 non
1317 972 1574 1028 veritatem,
1601 988 1680 1017 nec
1715 989 1764 1017 ea

379 1044 692 1099 discutiamus,
716 1060 817 1106 quae
837 1042 917 1087 nisi
938 1042 1158 1087 tormentis
1177 1058 1360 1098 e01um,
1388 1059 1465 1105 pcr
1483 1059 1592 1121 quos
1609 1043 1762 1106 inqui-

376 1126 562 1163 luntur.
591 1114 774 1159 inveniri
807 1113 985 1158 omnino
1012 1130 1099 1157 non
1120 1123 1314 1176 possunt.
1355 1113 1518 1159 Demus
1537 1114 1667 1159 etiam
1692 1130 1760 1160 ve-

376 1186 492 1231 niam
520 1166 664 1229 timori
689 1200 871 1236 eor‚um
900 1183 977 1246 qui
1000 1184 1146 1246 potius
1188 1185 1326 1228 Deum
1362 1201 1443 1246 pro
1488 1184 1695 1247 episcopo
1719 1195 1761 1231 et

374 1257 505 1302 servis
528 1259 618 1315 ejus
637 1254 963 1317 deprecandum
985 1291 995 1310 ‚
1016 1271 1147 1317 quam
1169 1265 1366 1318 potentes
1383 1254 1581 1300 inimicos
1607 1255 1758 1301 Eccle-

375 1328 448 1373 siae
468 1325 752 1372 offendendos
781 1342 866 1370 esse
890 1336 1172 1388 putaverunt.
1208 1325 1328 1382 Quid
1354 1342 1423 1370 eos
1451 1325 1525 1388 qui
1563 1336 1726 1372 restant
1744 1364 1754 1381 ‚

373 1398 578 1444 nulla-ne
594 1413 736 1441 censes
761 1395 993 1458 disciplina
1018 1395 1284 1442 coercendos
1304 1433 1314 1451 ,
1352 1407 1393 1441 et
1418 1398 1755 1458 proponendum

372 1469 584 1514 existimas
618 1467 886 1529 impunitum
925 1478 1013 1511 tam
1054 1467 1255 1512 immanis
1282 1466 1441 1512 furoris
1474 1467 1719 1530 exemplum
1739 1471 1755 1513 Ξ)

374 1541 472 1586 Νοιι
498 1540 718 1602 praeterita
749 1536 1016 1582 vindicando
1050 1554 1226 1599 pascere
1251 1537 1360 1582 iram
1388 1547 1581 1582 nostram
1604 1538 1756 1585 stude--

372 1632 492 1668 mus;
516 1612 588 1658 sed
626 1610 960 1657 misericorditer
999 1610 1043 1655 in
1066 1609 1269 1655 futurum
1300 1610 1568 1656 consulendo
1592 1613 1753 1672 satagi-
1773 1619 1786 1623 ‘

372 1702 482 1732 mus.
514 1683 690 1729 Habent
721 1682 919 1726 homines
944 1680 1043 1726 mali
1064 1717 1074 1737 ,
1101 1681 1178 1726 ubi
1204 1691 1246 1725 et
1268 1698 1344 1744 per
1371 1681 1644 1728 Christianos
1665 1700 1752 1728 non

371 1760 510 1808 solum
533 1766 770 1808 mansuete,
803 1753 1087 1799 verumetiam
1119 1754 1282 1798 utiliter
1299 1753 1614 1818 salubriterque
1637 1759 1752 1819 plec-

377 1841 534 1877 tantur.
568 1825 746 1871 Habent
780 1824 894 1869 enim
935 1824 1052 1887 quod
1092 1841 1276 1887 corpore
1310 1825 1521 1870 incolumi
1560 1827 1714 1874 vivunt
1737 1866 1747 1884 9

377 1901 546 1947 habent
581 1896 695 1942 unde
729 1896 915 1951 vivunt,
956 1895 1122 1939 habent
1159 1895 1274 1940 unde
1305 1895 1413 1940 male
1448 1895 1616 1944 vivunt.
1660 1899 1758 1944 Duo

381 1971 524 2035 prima
552 1967 668 2012 salva
693 1967 801 2021 sint,
830 1976 877 2011 ut
902 1982 1008 2027 quos
1034 1965 1248 2028 poeniteat
1271 1966 1355 2010 sint
1376 1986 1387 2019 ;
1422 1966 1507 2011 hoc
1532 1979 1755 2030 optamus,

385 2041 470 2087 hoc
502 2048 715 2101 qnantum
742 2036 787 2081 in
820 2036 945 2080 nobis
976 2046 1038 2080 cst
1057 2072 1066 2090 ,
1095 2035 1221 2080 etiam
1247 2035 1442 2099 impensa
1466 2054 1597 2100 opera
1627 2039 1760 2085 insta-

385 2127 494 2157 mus.
530 2107 727 2153 Tertium
760 2122 860 2150 vero
884 2142 894 2160 ,
928 2105 960 2150 si
997 2106 1107 2150 Deus
1144 2105 1354 2160 voluerit,
1388 2116 1596 2169 tanquam
1633 2120 1762 2172 putre

385 2181 649 2241 noxiumque
663 2177 861 2230 resecari,
883 2175 1007 2221 valde
1024 2176 1538 2239 misericorditerpuniet.
1562 2178 1607 2223 Si
1622 2190 1764 2226 autem

388 2251 455 2297 vel
494 2249 682 2311 amplius
721 2247 929 2299 voluerit,
968 2246 1035 2290 vel
1070 2263 1122 2291 ne
1152 2246 1238 2292 hoc
1273 2247 1451 2310 quidem
1490 2250 1761 2311 permiserit;

392 2321 554 2368 altioris
590 2330 631 2364 et
673 2318 869 2381 profecto
897 2317 1093 2376 justioris
1125 2317 1291 2362 consilii
1326 2319 1436 2363 ratio
1464 2337 1594 2382 penes
1622 2322 1765 2384 ipsum

393 2404 486 2439 est:
517 2410 538 2436 a
566 2391 694 2435 nobis
723 2406 872 2434 curam
896 2388 1175 2451 officiumque
1199 2399 1372 2451 oportet
1401 2389 1622 2452 impendi,
1652 2410 1767 2456 quo-

393 2480 528 2528 usque
551 2460 696 2507 videre
715 2459 995 2514 conceditur,
1022 2458 1360 2522 deprecantibus
1376 2476 1490 2515 eum,
1506 2472 1553 2506 ut
1571 2463 1766 2509 animum

394 2545 588 2582 nostrum
616 2531 846 2595 approbet,
871 2548 959 2594 quo
981 2531 1149 2576 cunctis
1172 2530 1375 2577 volumus
1394 2548 1480 2577 esse
1496 2532 1763 2591 consultum,
