1902 3268
548 319 550 321 ·
604 311 819 345 nrrsrom
856 312 986 345 xcnt.
1402 307 1494 355 213

116 397 207 428 sum
232 378 283 427 ad
309 377 590 426 christianam
632 378 762 423 fidem
785 416 793 432 ,
819 396 917 425 cum
943 398 1019 440 ogo
1045 397 1124 428 nec
1145 379 1198 428 ad
1217 382 1461 433 Donatistas
1478 425 1489 444 ,

114 469 193 497 nce
223 451 276 496 ad
304 452 548 511 Rogatist·1s
581 466 810 495 Conversus
842 452 941 507 sinr:
978 453 1066 497 siue
1088 452 1173 498 ulla
1213 455 1489 504 dubitatione

112 522 345 567 confirmas
368 558 379 571 ,
410 532 450 566 et
489 530 648 583 prater
682 521 950 579 Rogatistas,
988 534 1027 567 ct
1055 534 1212 585 prater
1248 527 1494 573 Donatistas

111 608 198 637 csse
216 592 495 638 christianam
522 589 669 636 fidem.
699 592 806 636 Hac
842 609 942 651 crgo
978 593 1082 637 {ides
1101 630 1111 647 ‚
1144 595 1253 640 sicut
1284 596 1494 654 (licitum,

109 661 154 707 in
181 664 385 708 omnibus
403 662 603 722 gentibus
623 661 847 717 dilatatur,
875 679 975 725 qua-3
1000 664 1238 710 secundum
1272 667 1349 712 Dei
1375 667 1495 713 testi·

110 733 305 778 monium
327 732 371 778 iu
407 733 566 777 semine
589 732 781 776 Ata-abae
812 732 1179 779 hcm-dicuntur1.
1219 735 1337 791 Quid
1365 737 1499 796 igitur

109 801 257 847 adhuc
276 802 455 848 dubitas
482 813 623 846 tenere
645 802 762 863 quod
787 802 931 855 sentis,
955 802 1032 846 nisi
1059 803 1160 865 quia
1181 803 1223 849 id
1247 806 1363 868 quod
1381 824 1498 853 nunc

108 872 238 918 sentis
257 908 267 928 ‚
292 873 357 918 vel
384 871 619 936 aliquando
644 888 729 915 non
767 873 941 917 sensisse
960 908 970 926 ‚
1007 872 1073 918 vel
1112 873 1231 920 aliud
1255 875 1496 924 defendisse

107 943 413 996 consunderis3
450 953 491 987 et
522 942 628 987 dum
669 941 885 987 crubescis
923 944 1136 1003 corrigere
1174 963 1380 1003 errorem,
1407 965 1497 995 non

107 1013 322 1059 erubescis
342 1029 598 1077 permanere
617 1014 662 1058 in
689 1029 861 1067 errorc3
889 1014 1009 1076 quod
1043 1015 1194 1080 utique
1224 1017 1370 1081 potius
1392 1036 1496 1066 eru-

105 1082 370 1130 bescendum
395 1083 488 1130 fuit.

170 1155 270 1201 Lll.
302 1155 400 1200 Hoc
419 1165 476 1200 est
502 1152 612 1199 illud
640 1152 761 1217 quod
791 1154 1019 1218 Scriptura
1045 1172 1133 1201 non
1170 1158 1307 1204 tacuit
1329 1177 1340 1204 ε
1368 1181 1389 1201 (ε
1414 1162 1485 1207 list

107 1245 128 1267 »
148 1224 344 1271 confusio
366 1225 587 1271 adducens
607 1235 838 1287 peccatum
862 1262 872 1276 ,
900 1236 942 1270 ct
959 1236 1020 1271 cst
1044 1227 1241 1275 confusio
1270 1230 1494 1278 abducens

106 1317 126 1338 2)
142 1298 323 1356 gratiam
345 1308 386 1342 ct
408 1296 586 1356 gloriam
602 1297 666 1342 2.»
689 1296 898 1342 Confusflo
920 1297 1101 1343 adducit
1119 1312 1370 1361 peccatum,
1392 1319 1494 1349 cum

105 1367 321 1412 crubescit
340 1367 523 1429 quisque
548 1383 728 1430 pravam
758 1377 927 1412 mutare
948 1370 1225 1425 sententiani,
1249 1389 1303 1417 ne
1335 1383 1409 1418 aut
1429 1374 1496 1419 in·

105 1447 499 1500 constansputctur
516 1473 526 1492 ‚
551 1447 626 1482 aut
646 1436 722 1481 diu
743 1453 900 1482 errasse
922 1455 964 1483 se
985 1439 1244 1501 ipsojudice
1264 1452 1490 1489 tencatur:

105 1529 124 1548 «
150 1509 214 1554 lta
241 1508 512 1554 descendunt
536 1508 580 1553 iu
607 1507 824 1553 infernum
851 1509 1044 1554 viventes
1064 1509 1081 1538 3
1101 1547 1112 1566 ‚
1136 1532 1155 1552 ›>
1182 1511 1228 1557 id
1261 1523 1348 1570 cst,
1371 1530 1494 1560 suam

103 1578 392 1645 perditionenJ
418 1579 645 1624 sentientes
662 1615 673 1634 ‚
705 1595 816 1641 quos
838 1578 1016 1624 Dathan
1038 1590 1079 1625 et
1106 1582 1269 1628 Abiron
1291 1594 1332 1629 et
1349 1584 1494 1630 chore

103 1648 230 1695 hiatu
266 1660 392 1695 terrae
428 1650 649 1712 absorpti,
686 1659 805 1694 tanto
834 1660 931 1694 ante
966 1649 1137 1696 futuros
1172 1653 1485 1713 figuraverunt.

104 1719 315 1766 Confusio
343 1730 486 1766 autem
524 1720 706 1766 adducit
742 1721 925 1780 gratiam
955 1732 997 1766 ct
1028 1721 1207 1782 gloriam
1227 1761 1238 1779 ‚
1265 1741 1364 1771 cuin
1387 1742 1490 1772 eru-

102 1789 243 1836 bescit
275 1790 460 1854 quisquc
487 1790 541 1836 dc
579 1791 759 1854 propria
795 1790 1024 1853 iniquitate
1044 1829 1054 1848 ‚
1093 1804 1136 1838 ct
1161 1795 1418 1856 poenitendo
1445 1797 1492 1842 in

104 1859 256 1906 melius
277 1871 576 1906 commutatur
605 1878 615 1905 :
648 1860 765 1923 quod
789 1871 828 1905 te
850 1861 988 1907 facere
1009 1863 1127 1925 piget
1149 1864 1222 1909 itta
1246 1866 1491 1928 perniciosa

103 1930 358 1978 confusione
380 1942 631 1996 superatum
656 1969 666 1987 ‚
695 1950 747 1977 nc
775 1932 855 1977 tibi
881 1933 938 1977 ab
972 1933 1226 1982 hominibus
1261 1938 1491 1984 nescienti·

102 2001 187 2049 bus
210 2002 318 2066 quid
341 2002 581 2066 loquantur
601 2039 612 2058 ‚
634 2003 872 2062 objiciatur
893 2003 965 2048 itta
988 2005 1227 2068 apostoliea
1254 2009 1485 2062 sententia,

103 2092 124 2114 «
145 2073 191 2118 Si
213 2072 327 2118 enim
357 2090 458 2136 quae
481 2073 667 2118 destruxi
691 2110 702 2128 ‚
730 2073 879 2118 cadem
910 2073 1064 2120 iterum
1087 2075 1260 2123 aedifico
1277 2114 1289 2132 ‚
1311 2095 1490 2142 praeva-

104 2143 373 2189 »ricatorcm
397 2143 627 2206 meipsum
658 2144 875 2189 constituo
890 2143 923 2188 4.
946 2166 966 2186 »
1003 2146 1117 2202 Quae
1151 2147 1185 2192 si
1224 2147 1312 2193 dici
1348 2160 1491 2212 posset

104 2213 233 2259 etiam
260 2214 302 2259 in
335 2231 406 2259 eos
429 2250 439 2268 ‚
469 2215 544 2277 qui
570 2214 792 2260 veritatem
820 2216 1005 2262 correcti
1038 2217 1285 2279 praedicant
1305 2254 1316 2268 ,
1353 2236 1488 2283 quam

102 2285 292 2347 perversi
317 2284 661 2348 oppugnabant,
688 2284 731 2329 in
758 2285 901 2347 ipsum
930 2286 1115 2332 Paulum
1138 2288 1344 2350 primitus
1373 2289 1489 2336 dice-

102 2365 249 2412 retur,
290 2355 337 2401 in
369 2372 458 2418 quo
485 2355 693 2402 Ecclesiae
737 2358 907 2402 Christi
942 2358 1286 2417 magnificabant
1311 2360 1449 2406 Deum
1473 2397 1485 2416 ‚

104 2425 324 2472 auclient3s
365 2425 487 2490 quod
518 2426 828 2486 evangelizaret
865 2427 1024 2481 fidem,
1069 2446 1206 2492 quam
1248 2429 1488 2494 aliquando

102 2496 318 2545 vastabat.

167 2567 292 2615 Llll.
331 2567 421 2616 Nec
449 2584 716 2635 quemquam
748 2580 876 2634 putes
901 2570 958 2617 ab
981 2587 1125 2618 errore
1148 2571 1204 2619 ad
1228 2571 1451 2620 veritatem
1472 2610 1484 2629 ‚

152 2648 164 2673 ί
183 2650 266 2683 Gen.
287 2661 370 2685 xxxx.
394 2654 444 2683 ¹8.
460 2668 506 2675 —-
522 2650 537 2674 2
551 2652 653 2684 Eccle‘
672 2663 721 2694 xv,
741 2655 795 2684 25.
814 2667 861 2679 --
874 2650 982 2686 3Psal.
1005 2665 1070 2694 mv,
1095 2657 1145 2687 16.
1164 2672 1209 2680 —=-
1224 2653 1237 2680 ⁴
1253 2656 1356 2689 Galat.
1375 2666 1409 2694 n,
1430 2657 1484 2689 ιδ.
