1902 3268
660 261 874 294 emsrom
906 261 1065 294 cxvtn.
1475 249 1567 311 359

190 341 371 396 propter
390 329 478 376 hoc
495 329 635 376 solum
667 327 911 374 Cerdonem
932 328 1053 384 misi,
1074 338 1116 373 et
1137 327 1278 390 ipsum
1305 341 1481 392 expecto
1501 348 1566 376 so-

190 402 296 448 lum.
336 401 484 445 Frater
516 399 734 445 Zenobius
757 436 768 455 ,
796 399 998 458 Magister
1022 399 1246 444 Memoriae
1280 398 1295 459 (
1310 399 1398 460 52)
1427 398 1567 446 factus

190 483 280 528 est,
308 481 350 517 et
369 470 486 516 misit
515 469 643 516 nobis
668 470 934 518 evectionem
958 487 1060 517 cum
1087 469 1278 515 annonis.
1308 469 1352 514 Si
1372 486 1448 529 ego
1475 470 1568 530 dig-

188 558 271 588 nus
305 559 394 588 non
431 558 556 598 sum,
599 552 648 588 ut
679 540 939 606 respondeas
969 540 1395 601 interrogatiunculis
1430 542 1565 597 mei„

187 612 339 660 saltem
363 612 624 659 timeantur1
643 630 842 661 annonae.
861 614 1130 660 Incolumem
1156 624 1194 658 te
1221 628 1389 658 summa
1409 611 1567 658 divini-

188 694 268 741 tas,
288 682 418 744 longa
434 684 561 731 nobis
577 695 747 732 tueatur
763 695 902 732 aetate.
930 685 1071 749 Papas
1092 683 1332 748 plurimum
1353 682 1568 744 dignatio-

187 771 286 802 nem
309 765 430 802 tuam
449 755 622 803 salutat.
643 777 664 798 >v

186 925 304 938 ναῶ-,Ἃ
311 926 368 938 tw*-
377 925 684 939 zvffimwsmnss
692 923 1039 936 ΜἏΌΜΜπικια
1049 924 1185 935 κωιις
1194 924 1310 936 mu*
1322 923 1378 935 νεὶ
1387 922 1441 935 σαι
1452 923 1508 934 §.11
1516 923 1573 935 m

606 1032 873 1078 EPISTOLA
906 1032 1080 1077 CXVIII
1100 1033 1131 1075 ².

185 1169 461 1229 Augustinus
483 1168 688 1211 Dioscoro
716 1169 943 1224 respondet
968 1167 1188 1224 ejusmodi
1218 1169 1475 1223 quaestiones
1493 1184 1572 1211 nec

243 1238 598 1293 decorestractari
623 1236 677 1278 ab
709 1237 926 1294 episcopo,
953 1253 1031 1278 nec
1055 1237 1222 1278 utiliter
1238 1237 1350 1278 disci
1369 1252 1397 1277 a
1422 1236 1570 1278 Chris-

244 1305 379 1347 tiano.
407 1305 612 1362 Disputat
630 1305 681 1345 de
703 1305 956 1347 studiorum
977 1305 1071 1363 sine
1094 1321 1146 1346 ac
1165 1304 1216 1346 de
1231 1319 1406 1346 summo
1435 1304 1567 1354 bono,

242 1374 483 1416 exhortans
513 1373 776 1415 Dioscorum
801 1383 848 1415 ut
881 1373 1176 1415 christianam
1210 1384 1394 1415 sectetur
1423 1372 1568 1430 philo-

240 1440 440 1497 sophiam
455 1473 465 1488 ,
487 1455 580 1497 quae
595 1440 687 1482 sola
710 1441 876 1482 cliviam
901 1441 1170 1482 humilitatis
1187 1440 1386 1498 exemplo
1405 1456 1570 1498 propo-

240 1509 322 1552 sito
354 1509 587 1551 veritatem
634 1509 894 1564 persuadere
927 1509 1087 1566 potuit.
1140 1507 1345 1551 Illustrat
1386 1509 1566 1551 demum

241 1577 351 1618 locos
382 1578 595 1632 quosdam
628 1576 846 1618 Ciceronis
878 1577 1246 1634 Philosophorum
1269 1577 1321 1620 de
1341 1577 1431 1621 Deo
1464 1591 1564 1619 sen-

240 1644 398 1686 tentias
420 1644 795 1701 reprehendentis.

247 1789 282 1835 I.
308 1790 376 1834 Tu
411 1805 478 1835 me
499 1788 887 1835 innumerabilium
913 1789 1206 1853 quaestionum
1234 1790 1365 1837 turba
1385 1800 1563 1868 repente

179 1858 623 1913 circumvallandum,
646 1858 710 1904 vel
723 1869 870 1922 potius
887 1859 1163 1906 obruendum
1186 1860 1374 1924 putasti,
1394 1860 1562 1906 etiamsi

177 1940 402 1987 vacantem
416 1929 691 1993 otiosumque
708 1929 961 1975 credidisti.
951 1930 1157 1994 ·quando
1170 1931 1283 1978 enim
1305 1948 1383 1992 ego
1396 1931 1562 1995 inquo-

177 1999 286 2048 libet
309 2000 416 2058 otio,
444 2011 509 2047 tot
528 2017 673 2047 rerum
698 1999 837 2047 nodos
873 2011 960 2047 tam
988 2000 1225 2059 festinanti,
1252 2013 1294 2048 et
1317 2012 1367 2048 ut
1388 2001 1561 2058 scribis,

171 2073 266 2132 jam
283 2089 395 2136 pene
422 2072 718 2136 proficiscenti
747 2088 916 2135 possem
939 2072 1202 2119 dissolvere?
1228 2073 1419 2120 Numero
1447 2072 1564 2118 enim

176 2143 532 2206 rerumipsarum
549 2142 803 2206 impedirer,
830 2143 998 2190 etiamsi
1024 2145 1129 2190 nodi
1152 2144 1300 2191 faciles
1319 2145 1375 2191 ad
1395 2144 1566 2190 solven-

177 2212 282 2259 dum
294 2212 449 2261 forent.
477 2214 619 2260 Tanta
643 2224 744 2260 sunt
762 2225 905 2261 autem
917 2216 1200 2279 perplexitate
1219 2215 1420 2271 involuti,
1444 2225 1486 2260 et
1497 2225 1565 2261 te-

177 2283 365 2340 nacitate
399 2285 643 2341 constricti,
673 2295 721 2331 ut
734 2286 901 2333 etiamsi
921 2288 1052 2350 pauci
1074 2297 1231 2342 essent,
1259 2286 1571 2332 otiosissimum

177 2363 245 2400 me
257 2366 541 2420 occupantes,
564 2373 718 2417 magna
734 2374 855 2403 mora
880 2367 1084 2421 temporis
1107 2357 1340 2418 fatigarent
1357 2357 1563 2403 intentio-

175 2443 290 2485 nem,
316 2437 447 2492 atque
465 2437 695 2474 attererent
714 2445 877 2490 ungues
898 2446 1027 2475 ineos.
1066 2430 1154 2489 Ego
1175 2440 1319 2475 autem
1335 2428 1490 2475 vellem
1515 2438 1556 2473 te

223 2531 234 2562 ,Ι
257 2533 351 2562 Forte
376 2530 537 2564 timeatur.
555 2549 603 2556 —
626 2530 642 2554 2
673 2533 762 2566 Al'as
787 2543 851 2565 tw.
880 2542 950 2575 quae
971 2540 1073 2563 anim·
1109 2535 1167 2564 «ιδ’
1203 2538 1267 2564 vra!
1283 2555 1291 2565 ,
1329 2541 1412 2562 nnnc
1445 2532 1497 2567 54.
1517 2547 1559 2556 --

173 2585 296 2633 Scripta
323 2587 419 2631 paulo
452 2594 522 2631 post
547 2589 757 2631 superiorem.
