1902 3268
376 233 457 293 176
775 246 808 273 s.
854 244 1097 275 amussim
1134 243 1335 272 EPlSCOPJ

363 328 508 376 passos
538 326 684 371 graves
712 310 952 363 molestias,
983 309 1146 355 Paulus
1167 319 1309 353 tamen
1348 308 1568 371 apostolus
1609 308 1740 364 dicit,

364 381 481 445 quod
496 380 740 427 ablsma'ele
753 380 1094 441 persecutionem
1111 381 1163 424 sit
1184 396 1332 442 passus
1346 380 1479 426 Isaac.
1499 401 1516 420 «
1535 379 1617 425 Sed
1633 380 1746 426 sicut

368 472 387 493 ))
409 463 531 507 tune,
556 451 714 514 inquit,
738 450 809 494 ille
827 450 902 512 qui
924 460 1014 494 erat
1031 449 1270 494 secundum
1296 467 1488 504 carnem,
1513 467 1745 513 perseque-

367 545 387 564 ›>
405 523 666 574 batureum‚
687 520 870 584 quierat
892 519 1131 564 secundum
1155 520 1375 582 spiritum,
1400 521 1457 565 ita
1480 519 1679 566 etnunc¹
1699 538 1709 565 ι
1726 542 1745 562 ι)

368 605 415 639 ut
449 592 525 655 qui
548 589 1010 653 possuntintelligant,
1040 588 1174 648 magis
1208 590 1444 634 Ecclesiam
1481 589 1745 636 catholicam

365 662 708 728 persecutionem
735 660 824 723 pati
844 660 1048 722 superbia
1071 669 1112 703 et
1135 658 1358 721 impietate
1379 659 1618 705 carnalium
1639 677 1748 723 quos

368 732 682 797 temporalibus
706 731 911 777 molestiis
936 741 1063 794 atque
1087 729 1325 775 terroribus
1360 730 1587 776 emendare
1615 748 1745 777 cona-

366 816 451 851 tur.
484 802 715 865 Quidquid
733 818 832 861 ergo
863 801 968 847 facit
988 817 1086 845 vera
1116 811 1156 845 et
1176 800 1369 859 legitima
1407 811 1560 854 mater,
1583 801 1748 847 etiamsi

367 891 567 938 asperum
589 889 871 935 amarumque
887 871 1110 923 sentiatur,
1128 887 1215 915 non
1240 870 1402 915 malum
1425 887 1504 933 pro
1523 870 1635 916 malo
1654 870 1749 916 red-

371 946 458 1000 dit3
480 943 551 989 sed
575 943 741 988 bonum
756 941 1022 1005 disciplinae,
1040 940 1296 1004 expellendo
1315 941 1476 986 malum
1490 941 1749 1005 iniquitatis,

368 1005 569 1079 apponit,
595 1031 683 1058 non
707 1013 808 1058 odio
830 1012 1033 1068 nocendi,
1056 1011 1129 1057 sed
1153 1011 1385 1057 dilectione
1408 1011 1604 1058 sanandi.
1637 1013 1751 1058 Cum

369 1086 535 1131 boniet
573 1084 673 1129 mali
699 1083 847 1128 eadem
887 1083 1071 1137 faciunt,
1099 1082 1338 1145 eademque
1376 1083 1620 1145 patiuntur,
1662 1100 1752 1128 nou

366 1156 489 1202 factis
506 1166 546 1200 et
561 1154 723 1217 poenis,
746 1153 819 1198 sed
836 1154 976 1197 causis
997 1163 1130 1215 utque
1152 1152 1426 1197 discernendi
1443 1163 1557 1198 snut.
1576 1152 1752 1198 Pharao

367 1225 582 1290 populum
606 1223 681 1269 Dei
707 1223 827 1268 duris
847 1223 1076 1268 laboribus
1110 1223 1323 1267 atterebat
1341 1223 1358 1249 2
1385 1242 1397 1275 ς
1422 1223 1591 1285 Moyses
1628 1239 1752 1268 eum-

366 1298 463 1344 dem
497 1294 711 1359 populum
743 1295 875 1357 impie
896 1304 1090 1354 agentem
1118 1292 1239 1338 duris
1267 1293 1611 1339 coercitionibus
1640 1293 1752 1339 aflli-

368 1369 496 1429 gebat
520 1367 537 1395 '’
568 1384 578 1410 :
622 1365 778 1411 similia
813 1364 1008 1410 fecerunt
1029 1401 1039 1420 ‚
1079 1364 1148 1409 sed
1194 1381 1280 1409 non
1316 1363 1513 1409 similiter
1552 1364 1754 1427 prodesse

370 1439 603 1486 voluerunt
625 1454 634 1480 :
658 1436 728 1481 ille
757 1435 1054 1481 dominatione
1080 1435 1282 1487 iustum,
1323 1434 1401 1479 iste
1435 1433 1664 1480 dilectione
1680 1434 1754 1480 in-

369 1510 613 1556 flammatus
636 1517 711 1552 est.
744 1505 916 1552 Jezabel
954 1504 1118 1550 oceidit
1144 1505 1407 1568 Prophetas,
1451 1504 1565 1550 Elias
1593 1505 1755 1551 occidit

366 1577 774 1646 pseudoprophetas
790 1575 807 1604 4
828 1593 837 1620 :
860 1586 967 1639 puto
981 1574 1098 1638 quod
1127 1574 1294 1621 diversa
1321 1575 1404 1620 sint
1426 1576 1577 1621 merita
1595 1575 1755 1621 {acien-

377 1652 488 1697 tium
501 1687 510 1705 ,
521 1648 690 1693 diversa
706 1663 948 1710 passorum.
1409 1684 1419 1688 .⁷

438 1722 538 1767 Vll.
571 1718 726 1782 Aspice
750 1718 878 1763 etiam
901 1728 1099 1779 tempora
1125 1717 1241 1764 Novi
1267 1717 1547 1774 Testamenti,
1578 1717 1756 1781 quando

371 1798 461 1855 jam
479 1792 570 1855 ipsa
610 1788 899 1834 mansuetudo
918 1788 1146 1834 charitatis
1178 1805 1267 1833 non
1293 1788 1431 1833 solum
1453 1788 1497 1833 in
1518 1788 1648 1834 corde
1667 1799 1757 1835 erat

375 1862 600 1917 servanda,
617 1860 899 1906 verumetiam
926 1860 968 1904 in
995 1859 1091 1905 luce
1113 1858 1410 1914 monstranda,
1439 1859 1617 1922 quando
1640 1860 1758 1905 Petri

375 1934 544 1996 gladius
563 1932 607 1976 in
623 1932 823 1990 vaginam
845 1940 1073 1975 revocatur
1090 1947 1112 1974 a
1129 1929 1324 1980 Christo,
1346 1939 1386 1974 et
1407 1930 1650 1976 ostenditur
1671 1947 1757 1975 non

376 2004 576 2053 debuisse
597 2001 653 2046 de
686 2001 838 2059 ragina
857 2001 982 2045 eximi
1009 2018 1087 2045 nee
1108 2017 1188 2062 pro
1211 2000 1385 2044 Christo
1403 2000 1434 2046 ⁵.
1466 2001 1668 2060 Legimus
1691 2011 1758 2046 ta«

378 2093 474 2123 men
494 2090 582 2119 non
602 2070 759 2125 solum,
781 2070 901 2134 quod
935 2069 1187 2115 ceciderunt
1205 2069 1345 2115 Judaei
1367 2069 1555 2115 Paulum
1580 2081 1758 2133 aposto—

378 2146 534 2197 tolum‚
552 2140 836 2187 verumetiam
865 2139 986 2203 quod
1009 2139 1262 2185 ceciderunt
1291 2150 1332 2184 et
1353 2141 1497 2185 Graeci
1515 2157 1596 2204 pro
1619 2140 1758 2186 Paulo

382 2212 576 2281 apostolo
622 2210 875 2255 Sosthenem
913 2209 1118 2255 Judaeum
1139 2211 1171 2257 ⁶.
1207 2227 1348 2256 nonne
1382 2211 1618 2256 similitudo
1656 2211 1760 2257 facti

379 2285 501 2351 quasi
525 2294 729 2343 utrosque
750 2280 992 2340 conjungit,
1033 2291 1072 2325 et
1111 2291 1252 2325 tamen
1277 2298 1346 2326 eos
1368 2298 1509 2327 causae
1538 2282 1761 2327 dissimili-

382 2356 488 2406 tudo
504 2349 770 2400 discernit7‘.)
791 2351 955 2413 Nempe
968 2352 1081 2395 Deus
1095 2351 1277 2414 proprio
1303 2351 1410 2398 Filio
1436 2369 1523 2397 uon
1542 2353 1755 2416 pepercit,

429 2468 436 2488 ¹
460 2464 563 2495 Galat.
580 2471 624 2496 iv,
641 2470 693 2497 29·
717 2476 754 2480 —
773 2455 788 2478 ²
809 2457 906 2489 Exod.
926 2470 956 2498 v,
978 2470 1008 2498 9.
1028 2476 1074 2483 —
1094 2456 1107 2479 3
1131 2459 1296 2495 ld.xxx11,
1319 2471 1374 2497 27.
1395 2476 1436 2483 -—
1456 2457 1469 2480 ⁴
1491 2462 1505 2490 3
1526 2462 1602 2501 Reg.
1627 2467 1756 2496 xvima

379 2533 408 2558 εἰ
427 2532 479 2561 40,
499 2536 540 2543 ..-
560 2516 572 2537 5»
594 2514 707 2547 Matthl
728 2524 815 2551 xxxx,
840 2516 892 2543 ἤιε.
917 2533 951 2537 —-
973 2511 986 2534 s*
1008 2519 1077 2548 Αιί,
1102 2526 1171 2548 xm,
1193 2517 1247 2557 ἰ’-ζ
1269 2520 1296 2545 ‹21
1318 2527 1385 2558 rap.
1406 2517 1520 2557 iti-13„
1537 2521 1566 2546 et
1584 2526 1680 2554 111111,
1704 2528 1757 2556 ¹7·

379 2585 446 2618 ’,ρτ
466 2584 555 2612 Roni.
575 2582 645 2606 Hir,
670 2572 717 2600 52.
