1902 3268
350 250 443 296 320
754 266 789 296 ε.
833 261 1075 295 ΛυαυετῐΝι
1113 261 1314 292 eviscovi

350 340 491 376 morte
523 330 767 393 baptizatos
816 347 902 374 non
953 327 1282 391 rebaptizastis3
1326 325 1427 390 quia
1462 325 1731 389 baptismum

350 400 515 446 Christi
539 399 641 446 foris
673 400 825 446 datum
860 415 938 461 per
960 408 1173 454 mortuos,
1195 397 1378 444 mortuis
1403 413 1489 442 non
1509 395 1728 460 prodesse,

348 471 547 517 eumdem
569 481 712 516 tamen
738 471 883 533 ipsum
908 467 1112 530 prodesse
1137 469 1255 515 intus
1275 467 1636 514 reviviscentibus
1656 482 1732 525 ag·

349 541 541 587 novistis,
564 541 834 603 Proponitur
854 538 981 584 nobis
1007 557 1016 583 :
1041 560 1061 580 (ι
1083 537 1241 585 Oleum
1271 537 1512 601 peccatoris
1534 554 1620 582 non
1647 538 1734 582 im-

351 632 372 652 »
392 612 576 674 pinguet
610 620 745 673 caput
769 625 914 656 meum
935 606 970 655 1.
997 629 1017 650 »
1052 608 1381 671 Respondetur,
1406 607 1494 654 hoc
1521 607 1733 670 scriptum

350 682 404 728 de
416 682 697 728 assentatione
710 682 793 728 leni
808 693 938 744 atque
951 679 1095 726 fallaci
1107 680 1260 725 blandi
1280 678 1517 725 adulatoris
1532 677 1731 738 intelligi,

350 769 436 816 qua
463 754 641 812 ungitur
665 764 705 797 et
721 752 875 799 crescit
899 751 956 797 eis
983 760 1136 814 caput,
1159 767 1260 796 cum
1280 748 1520 795 laudantur
1535 759 1733 813 peccato-

350 840 413 869 res
437 824 481 869 in
506 823 728 869 desideriis
748 823 902 869 animae
926 837 1034 878 suae,
1067 820 1196 885 etqui
1215 821 1367 885 iniqua
1388 820 1570 880 egerint,
1596 819 1734 864 bene-

350 893 572 940 dicuntur.
604 892 735 950 Quod
756 909 803 938 ex
830 891 978 955 priore
999 908 1125 938 versu
1150 892 1251 936 satis
1277 900 1489 954 apparet3
1532 890 1591 935 sic
1621 889 1734 934 enim

349 964 490 1026 posita
505 974 566 1009 est
584 973 676 1009 tota
702 963 941 1010 sententia:
961 983 981 1003 «
1000 961 1267 1007 Emendabit
1292 979 1358 1006 me
1377 965 1520 1021 justus
1540 960 1585 1006 iu
1605 959 1736 1005 mise-

351 1053 374 1075 »
400 1033 606 1090 ricordia‚
641 1045 681 1079 et
717 1043 867 1094 arguet
892 1049 987 1078 me:
1019 1032 1164 1078 oleum
1193 1042 1334 1078 autem
1365 1032 1608 1095 peccatoris
1648 1048 1736 1076 non

355 1125 375 1145 >³
395 1105 692 1167 impinguabit
715 1115 851 1168 caput
887 1120 1047 1150 meum.
1086 1124 1106 1145 >³
1131 1102 1264 1148 Malle
1288 1120 1329 1149 se
1355 1103 1463 1148 dixit
1486 1102 1628 1148 veraci
1652 1102 1738 1147 mi-

350 1176 578 1222 sericordis
608 1177 853 1222 austeritate
879 1174 1046 1221 conteri
1072 1174 1107 1229 2,
1153 1189 1287 1237 quam
1325 1173 1575 1237 deceptiora
1607 1172 1738 1218 laude

351 1245 539 1291 fallentis
557 1246 716 1292 extolli.
745 1245 831 1292 Sed
852 1243 1188 1309 quomodolibet
1207 1243 1471 1305 intelligatis,
1490 1253 1603 1289 certe
1618 1242 1664 1289 in
1681 1243 1738 1289 eis

349 1334 460 1382 quos
501 1319 545 1363 in
573 1317 795 1378 sacrilegio
820 1315 1075 1362 Maximiani
1100 1313 1341 1360 Felicianus
1379 1324 1421 1360 et
1452 1314 1739 1360 Praetextatus

353 1388 714 1454 baptizaverunt,
756 1398 831 1433 aut
868 1397 1152 1450 peccatorum
1178 1384 1322 1431 oleum
1366 1384 1637 1448 suscepistis,
1664 1394 1738 1430 aut

355 1461 483 1507 etiam
515 1425 854 1524 peccatoiibus3
891 1456 1241 1504 ministrantibus
1269 1455 1421 1502 datum
1456 1454 1622 1501 Chiisti
1653 1470 1739 1500 esse

357 1531 500 1577 oleum
535 1530 813 1591 cognovistis.
844 1530 995 1593 Neque
1035 1527 1150 1575 enim
1186 1545 1275 1574 non
1306 1537 1428 1573 erant
1457 1537 1735 1590 peccatores,

353 1600 532 1666 quando
556 1600 609 1646 de
630 1601 714 1646 illis
734 1600 780 1646 in
798 1599 1027 1660 Vagajensi
1044 1597 1231 1645 concilio
1250 1597 1482 1643 dicebatur
1503 1613 1514 1642 :
1538 1618 1557 1638 α
1572 1595 1738 1642 Famosi

356 1694 378 1716 ›>
402 1672 599 1719 criminis
621 1689 732 1730 reos,
758 1670 835 1735 qui
851 1670 1020 1717 funesto
1052 1687 1182 1734 opere
1208 1668 1485 1733 perditionis,
1506 1685 1580 1715 vas
1597 1666 1740 1713 sordi-

357 1742 464 1789 dum
510 1741 692 1788 collecta
730 1740 978 1788 faeculentia
1014 1740 1286 1801 glutinarunt
1310 1739 1345 1798 ‘⁴7
1387 1739 1615 1785 damnatos
1650 1754 1737 1784 esse

359 1813 623 1875 cognoscite.

423 1885 523 1933 VII.
553 1886 640 1931 lsta
661 1883 715 1930 de
729 1884 948 1949 baptismo
967 1883 1119 1931 dixisse
1132 1882 1361 1930 suffecerit.
1390 1886 1529 1929 Causa
1543 1899 1644 1930 vero
1670 1899 1735 1928 se-

346 1956 598 2020 parationis
615 1967 768 2003 vestrae
795 1955 863 2001 his
881 1955 987 2002 solet
999 1972 1087 2001 non
1101 1953 1329 2001 intellectis
1354 1953 1606 2000 testimoniis
1624 1952 1739 1999 colo-

357 2027 458 2074 rari.
481 2026 706 2090 Scriptum
725 2035 786 2072 est
812 2043 823 2070 z
855 2046 875 2067 α
895 2026 958 2071 Ne
981 2024 1279 2071 communices
1295 2023 1488 2088 peccatis
1503 2023 1650 2070 alienis
1665 2023 1697 2069 5.
1720 2044 1738 2065 ›>

357 2096 442 2142 Sed
465 2095 768 2159 respondetur,
797 2111 896 2141 eum
921 2094 1247 2141 communicare
1264 2094 1456 2157 peccatis
1471 2093 1636 2149 alicnis,
1663 2092 1739 2157 qui

356 2167 571 2213 consentit
593 2165 716 2211 malis
726 2165 851 2211 factis
868 2184 880 2219 3
896 2182 985 2211 non
1002 2181 1120 2221 eum,
1138 2164 1330 2228 quicum
1346 2164 1438 2227 ipse
1457 2164 1510 2210 sit
1524 2163 1736 2219 triticum,

354 2236 484 2284 simul
501 2247 644 2282 tamen
664 2253 764 2283 cum
790 2235 932 2299 palea,
955 2235 1153 2299 quandiu
1178 2253 1273 2281 area
1303 2236 1598 2290 retrituratur,
1621 2234 1740 2280 divi-

354 2308 422 2353 nis
445 2307 745 2353 communicat
761 2306 1053 2353 sacramentis.
1086 2306 1312 2369 Scriptum
1337 2316 1398 2351 est
1414 2305 1528 2351 enim
1553 2322 1562 2349 :
1583 2325 1602 2344 z<
1623 2304 1741 2349 Exite

359 2399 380 2420 ›>
402 2378 521 2435 inde,
542 2376 878 2424 etimmundum
893 2393 946 2422 ne
958 2376 1207 2436 tetigeritis:
1229 2386 1286 2432 et,
1308 2373 1738 2438 quitetigeritpollu-

407 2497 416 2516 ¹
436 2493 514 2529 Psal.
534 2506 608 2537 exn,
626 2495 658 2527 5.
677 2511 721 2517 —
735 2492 750 2515 ²
770 2498 840 2525 ιον.
859 2491 994 2528 conseri.
1025 2510 1065 2518 —
1094 2490 1108 2515 ³
1129 2493 1179 2527 ld.
1201 2497 1413 2536 peccatorum.
1430 2509 1473 2515 -—
1500 2488 1513 2513 ⁴
1526 2490 1578 2524 Id.
1595 2489 1716 2533 glutino

356 2562 442 2586 rum.
459 2570 501 2575 --
520 2549 533 2572 ⁵
553 2562 562 2581 1
585 2549 671 2583 Tim.
690 2559 722 2590 v,
739 2560 794 2582 22.
