1902 3268
635 276 850 312 EPISTOLA
886 271 1035 310 cxxvi.
1448 262 1543 321 443

169 347 342 394 cidisset
362 346 441 392 ista
463 345 641 392 tentatio
658 383 668 401 ,
691 363 767 405 ego
784 356 826 390 et
842 344 974 390 frater
992 359 1109 390 meus
1134 343 1318 408 Alypius
1338 345 1549 391 collocuti·

169 433 332 473 sumus,
348 433 434 462 non
454 427 502 462 ut
521 416 657 462 solum
677 416 837 462 vobisa
853 415 1115 461 charissimis
1125 416 1431 461 commembris
1442 432 1546 461 nos-

168 490 245 533 tris
261 524 272 543 ,
292 487 572 533 verumetiam
593 487 695 551 ipsis
718 486 1025 532 inimicissimis
1048 486 1318 532 notissimum
1334 486 1409 532 fiat
1426 485 1547 531 nulla

167 571 245 605 nos
270 558 512 622 cupiditate
536 560 736 623 pecuniae
758 560 803 605 in
831 559 961 604 rebus
982 557 1282 603 ecclesiasticis
1313 556 1540 603 sordidari.

170 629 301 687 Quod
327 630 464 676 donec
486 631 560 675 ssat
578 668 588 686 ,
607 631 640 676 si
666 630 878 676 Dominus
902 629 1087 675 donabit
1106 639 1154 674 ut
1176 630 1277 685 siat,
1304 647 1403 676 ecce
1427 645 1546 674 nunc

168 701 339 746 interim
368 701 488 764 quod
515 702 712 761 cogimur
735 701 945 755 facimus,
975 718 1028 746 ne
1044 700 1171 746 vestri
1196 700 1337 746 cordis
1361 699 1546 745 medici-

170 789 270 817 nam
294 772 338 818 in
363 772 683 835 quantamlibet
712 789 877 817 moram
905 772 1114 834 temporis
1138 771 1401 818 differamus.
1436 771 1548 815 Deus

170 843 286 888 testis
306 853 367 889 est
384 881 393 899 ‚
422 843 547 888 istam
573 860 742 888 omnem
763 859 905 888 rerum
926 841 1312 887 ecclesiasticarum
1338 857 1548 904 procura-

169 913 356 970 tionem,
391 930 578 978 quarum
606 912 829 958 credimur
860 930 1003 958 amare
1025 911 1296 958 dominatum
1317 950 1327 964 ,
1364 921 1548 975 propter

168 987 415 1030 servitutem
446 1001 578 1047 quam
610 983 749 1029 debeo
775 983 980 1028 charitati
1000 982 1183 1028 fratrum
1206 993 1247 1027 et
1267 982 1412 1027 timori
1432 981 1513 1027 Dei
1535 1018 1545 1036 ,

169 1054 349 1100 tolerare
377 1072 443 1100 me
463 1092 472 1109 ‚
501 1071 588 1099 non
617 1071 781 1108 amare3
815 1054 872 1099 ita
899 1064 946 1099 ut
970 1071 1016 1099 ea
1036 1091 1045 1108 ,
1074 1054 1107 1098 si
1131 1053 1250 1098 salvo
1276 1051 1418 1098 officio
1442 1068 1548 1115 pos-

167 1125 244 1170 sim
264 1163 274 1181 ,
297 1143 440 1172 carere
457 1125 708 1171 desiderem.
731 1127 818 1170 Noc
840 1124 957 1170 aliud
977 1142 1044 1170 me
1058 1124 1110 1170 de
1128 1124 1259 1170 fratre
1275 1141 1370 1169 meo
1391 1122 1548 1186 Alypio

167 1196 344 1252 sentire,
375 1197 466 1259 ipse
494 1197 605 1241 Deus
629 1196 745 1241 testis
766 1206 843 1242 est.
877 1197 1040 1241 Tamen
1065 1206 1106 1241 et
1129 1194 1182 1241 de
1199 1194 1273 1241 illo
1306 1194 1428 1240 aliter
1447 1211 1546 1239 sen-

166 1266 314 1312 tiendo
346 1267 566 1331 populus,
604 1278 645 1312 et
668 1266 785 1330 quod
826 1278 885 1312 est
918 1267 1118 1326 gravius,
1150 1265 1470 1329 Hipponensis,
1502 1265 1546 1310 in

166 1347 307 1383 tantas
331 1349 393 1384 est
430 1337 544 1383 illius
576 1337 882 1401 praecipitatus
908 1338 1086 1397 injtirias
1118 1354 1127 1381 ε
1161 1337 1279 1382 etde
1312 1336 1437 1381 nobis
1471 1352 1547 1380 vos

165 1411 301 1457 sancti
321 1411 394 1456 Dei
412 1422 453 1456 et
473 1412 590 1475 pleni
611 1411 851 1457 visceribus
867 1410 1173 1456 misericordiae
1188 1410 1288 1456 talia
1307 1408 1542 1461 credendo,

165 1481 338 1527 nomine
371 1481 562 1540 ejusdem
591 1482 775 1545 populi,
822 1482 898 1544 qui
933 1481 989 1527 ad
1025 1499 1199 1527 causam
1238 1479 1545 1542 hujuscemodi

164 1552 421 1616 cupiditatis
450 1553 628 1599 omnino
650 1570 738 1598 non
772 1553 986 1616 pertinet,
1022 1570 1099 1598 nos
1121 1564 1291 1613 tangere
1313 1563 1440 1615 atque
1465 1551 1545 1597 ad-

164 1640 337 1669 monere
354 1623 551 1669 voluistis
569 1661 579 1680 ,
602 1625 753 1688 utique
776 1625 825 1670 ad
847 1642 924 1670 nos
946 1624 1244 1684 corrigendos,
1274 1641 1411 1687 neque
1429 1622 1543 1668 enim

164 1694 292 1750 odio,
317 1694 433 1757 quod
463 1695 618 1740 absita
652 1696 776 1741 vohis
804 1714 814 1741 ε
844 1695 960 1741 unde
992 1713 1080 1740 non
1111 1695 1261 1747 irasci,
1291 1694 1361 1740 sed
1390 1694 1546 1754 gratias

164 1772 286 1825 agere
310 1765 471 1816 debeo.v
497 1765 616 1829 quod
638 1783 715 1811 nec
735 1766 1023 1812 verecundius
1038 1783 1116 1811 nec.
1132 1765 1309 1811 liberius
1329 1782 1450 1825 agere
1465 1781 1544 1828 po·

164 1837 329 1888 tuistis,
354 1847 401 1881 nt
420 1837 627 1900 episcopo
645 1855 731 1883 non
755 1837 876 1901 quasi
896 1838 1140 1883 conviciose
1164 1837 1408 1897 objiceretis
1423 1835 1542 1900 quod

163 1907 408 1953 sentiebatis
425 1945 434 1963 ,
458 1907 528 1953 sed
549 1925 595 1952 ex
620 1908 801 1972 obliquo
819 1907 1145 1968 intelligendum
1162 1907 1472 1970 relinqueretis,

226 1979 281 2023 X.
315 1979 404 2024 Nec
426 1978 651 2023 molestum
675 1980 729 2024 sit
753 1979 878 2024 vobis
897 2016 907 2034 ,
936 1990 982 2024 ut
1003 1996 1079 2025 vos
1101 1978 1219 2024 velut
1243 1989 1443 2038 gravatos
1469 1995 1544 2023 ar-

161 2048 382 2094 bitremini
399 2087 409 2105 ,
437 2049 540 2112 quia
556 2050 798 2110 jurandum
820 2051 988 2114 putavi.
1021 2051 1172 2114 Neque
1194 2049 1306 2095 enim
1333 2049 1544 2109 gravabat

164 2120 419 2184 Apostolus,
462 2131 537 2166 aut
575 2139 643 2167 eos
684 2140 841 2185 parum
880 2121 1090 2182 diligebat
1130 2121 1293 2186 quibus
1329 2121 1504 2167 dicebat
1524 2137 1535 2166 t

162 2192 304 2236 «Non
340 2192 383 2236 in
419 2209 614 2238 sermone
653 2193 915 2239 adulationis
948 2192 1110 2239 fuimus
1149 2192 1266 2255 apud
1298 2208 1400 2248 VOS,
1427 2191 1540 2237 sicut

164 2277 190 2303 ›2'
210 2261 355 2315 scitis;
385 2279 460 2308 nee
485 2263 528 2307 in
550 2264 773 2310 occasione
797 2264 1052 2328 cupiditatis
1069 2301 1079 2319 ,
1114 2263 1230 2308 Deus
1254 2263 1370 2308 testis
1386 2261 1487 2309 estffi.
1519 2283 1539 2305 »

161 2334 239 2379 Rei
265 2333 432 2396 quippe
464 2345 625 2396 apertae
655 2335 769 2398 ipsos
796 2346 917 2381 testes
942 2334 1172 2391 adhibuit3
1199 2334 1259 2379 rei
1288 2343 1428 2380 autem
1459 2350 1540 2380 oc-

162 2404 292 2449 eulta‘
318 2421 445 2467 quem
468 2442 478 2458 ,
510 2405 586 2450 nisi
609 2407 780 2452 Deum?
821 2407 865 2452 Si
890 2424 989 2466 ergo
1014 2405 1085 2452 ille
1118 2405 1270 2451 merito
1293 2415 1355 2451 est
1380 2405 1542 2452 veritus

162 2493 215 2520 ne
244 2474 432 2520 humana
458 2475 696 2535 ignorantia
716 2477 768 2522 de
789 2476 863 2523 illo
892 2475 1058 2540 aliquid
1077 2476 1161 2522 tale
1188 2477 1388 2533 sentiret,
1417 2479 1542 2539 quus

160 2546 286 2593 labor
305 2546 510 2592 omuibus
534 2547 576 2593 in
599 2559 812 2621 promptu
830 2559 942 2606 erat,
961 2548 1083 2613 quod
1106 2548 1187 2595 nisi
1207 2564 1375 2597 summa
1394 2565 1537 2595 neces-

211 2632 218 2652 ¹
251 2631 348 2660 τ’Ήιμ
369 2643 391 2661 ⁶.
416 2642 434 2660 ii
468 2632 494 2662 ἦ,
