1902 3268
594 290 807 321 ErisrotA
845 291 1036 321 cxxxiii.
1421 283 1512 345 943

141 373 301 411 remus,
333 357 406 403 sed
441 367 488 403 ut
514 371 607 402 eam
646 357 773 402 etiam
820 366 965 401 notam
999 358 1204 404 omnibus
1244 360 1510 408 faceremus:

138 449 159 469 «
183 428 492 483 Mansuetudo‚
526 427 684 489 inquit,
709 438 849 472 vestra
873 438 976 472 nota
1014 429 1067 474 sit
1093 431 1298 476 omuibus
1322 432 1510 478 homini-

139 520 160 540 n
172 498 256 544 bus
276 497 311 545 1.
340 499 394 543 Et
411 498 493 543 alio
517 496 629 550 loco,
654 498 1027 543 Mansuetudinem
1055 510 1314 546 ostentantes
1338 502 1389 547 ad
1418 519 1510 547 om-

136 585 246 614 »nes
272 568 469 614 homines
494 568 526 614 2.
555 589 573 608 >³
599 567 723 612 Unde
746 585 823 613 nec
862 568 933 613 illa
959 571 1094 614 sancti
1137 571 1304 627 David,
1331 573 1507 636 quando

134 638 311 684 inimico
332 638 412 684 sibi
429 639 473 683 iu
492 654 642 682 manus
657 637 815 683 tradito
837 637 1067 683 clementer
1085 641 1296 702 pepercit,
1319 643 1508 704 praecla-

133 708 300 755 rissima
315 708 465 754 lenitas
485 708 709 764 emineret,
734 708 815 753 nisi
830 719 1018 771 potestas
1037 710 1199 772 pariter
1222 724 1449 774 appareret
1466 713 1498 760 ³.

127 780 226 826 Non
247 789 287 825 te
312 780 421 839 ergo',
441 789 657 840 exasperet
673 778 926 824 vindicandi
948 790 1155 842 potestas,
1192 782 1263 826 cui
1282 782 1501 828 lenitatem

128 867 216 895 non
234 849 411 895 excussit
433 847 705 894 examinandi
734 849 971 894 necessitas,
1000 848 1097 893 Noli
1122 848 1313 896 facinore
1332 852 1505 898 invento

128 936 320 982 quaerere
341 934 633 982 percussorem
653 917 697 962 in
714 934 803 981 quo
821 918 1080 964 inveniendo
1100 919 1275 966 noluisti
1297 921 1504 969 adhibere

132 999 352 1035 tortorem.

192 1059 275 1104 ΙΙΙ.
305 1059 531 1103 Postremo
571 1073 651 1120 pro
693 1056 898 1103 Ecclesiae
922 1058 1107 1104 utilitate
1141 1060 1291 1106 missus
1314 1078 1371 1109 es.
1404 1063 1502 1109 Hoc

128 1127 333 1174 Ecclesiae
362 1127 610 1183 catholicae,
654 1138 726 1173 aut
758 1138 805 1173 ut
838 1128 1014 1174 modum
1046 1129 1378 1192 dispensationis
1396 1150 1502 1179 meae

126 1215 213 1243 non
245 1197 493 1261 supergredi
523 1196 696 1253 videar,
723 1197 809 1243 hoc
843 1198 1044 1244 Ecclesiae
1075 1199 1127 1245 ad
1154 1201 1499 1264 Hipponensium

125 1267 363 1327 Regiorum
391 1266 613 1312 dioecesim
648 1267 879 1330 pertinenti
916 1269 1135 1331 prodesse,
1172 1270 1259 1317 hoe
1301 1273 1499 1335 expedire

126 1348 356 1383 contestor.
393 1337 437 1382 Si
467 1354 554 1382 non
580 1337 701 1382 audis
738 1337 924 1382 amicum
948 1349 1181 1401 petentem,
1206 1341 1306 1386 audi
1329 1342 1501 1405 episco-

126 1425 234 1471 pum
256 1406 569 1453 consulentem.
596 1407 806 1463 Quamvis
827 1409 1031 1470 quoniam
1060 1409 1309 1456 Christiano
1324 1411 1498 1475 loquor,

126 1479 307 1523 maxime
325 1477 370 1521 in
395 1476 469 1521 tali
495 1493 641 1532 causa
679 1493 764 1521 non
792 1488 1040 1536 arroganter
1063 1479 1259 1536 dixerim,
1289 1481 1438 1527 audire
1463 1494 1503 1528 te

126 1547 381 1625 episcopum
401 1546 604 1592 convenit
633 1546 887 1605 jubentem,
916 1548 1100 1594 Domine
1123 1549 1272 1595 eximie
1289 1562 1330 1596 et
1348 1553 1500 1598 merito

125 1617 303 1677 insignis
329 1627 458 1679 atque
482 1616 733 1662 charissime
774 1616 851 1663 fili.
883 1618 1008 1662 Unde
1038 1619 1125 1664 scio
1153 1620 1329 1682 quidem
1354 1639 1392 1667 c
1395 1639 1502 1668 tusas

125 1686 456 1741 ecclesiasticas,
477 1685 737 1731 excellentiae
762 1696 849 1730 tuae
877 1698 1148 1748 potissimum
1168 1701 1400 1748 1nJunetas
1425 1693 1497 1737 sed

123 1756 226 1820 quia
252 1755 382 1802 credo
428 1756 553 1800 istam
592 1771 741 1801 curam
784 1755 837 1800 ad
877 1756 1020 1801 virum
1049 1758 1335 1805 clarissimum
1369 1771 1497 1823 atque

126 1825 410 1888 spectabilem
436 1825 743 1870 Proconsulem
763 1825 996 1887 pertinere,
1025 1826 1076 1871 ad
1101 1845 1199 1873 eum
1223 1845 1395 1893 quoque
1422 1831 1498 1876 lit-

127 1905 238 1940 teras
254 1894 353 1940 dedi
373 1907 388 1947 3‘
410 1911 518 1958 quas
540 1911 644 1971 rogo
683 1905 731 1940 ut
756 1895 846 1957 ipse
874 1895 937 1941 illi
974 1896 1139 1942 tradere
1167 1909 1209 1943 et
1233 1899 1430 1976 allegare,
1465 1902 1499 1948 si

127 1981 237 2028 opus
258 1975 320 2010 est
344 1981 431 2009 non
449 1965 663 2024 graveris:
706 1975 835 2027 atque
861 1965 1012 2010 ambos
1024 1967 1223 2023 obsecro,
1252 1985 1304 2013 ne
1326 1969 1497 2032 impor-

126 2045 276 2080 tunam
302 2034 587 2088 arbitremini,
610 2033 703 2080 vel
693 2036 1056 2091 lntercessionem‚
1081 2037 1492 2108 velsuggestionem,

127 2106 195 2151 vel
216 2104 554 2151 sollicitudinem
574 2115 761 2149 nostram
789 2116 830 2150 et
848 2106 1060 2168 passiones
1078 2107 1391 2154 catholicorum
1414 2121 1497 2156 ser-

127 2192 281 2221 vorum
322 2176 417 2231 Dei,
446 2192 545 2238 quae
585 2175 767 2220 infirmis
796 2175 848 2220 ad
886 2175 1217 2222 aedificationem
1259 2179 1495 2241 spiritalem

129 2246 252 2291 utiles
279 2263 365 2292 esse
399 2245 576 2296 debent,
608 2244 729 2290 haud
764 2247 987 2307 reciproca
1029 2247 1322 2304 inimicorum,
1348 2267 1368 2294 a
1392 2252 1496 2314 qui-

128 2317 212 2362 bus
235 2317 347 2380 passi
383 2326 512 2364 sunt,
552 2331 685 2378 poena
721 2314 976 2361 decoloretis
996 2353 1005 2371 ,
1045 2317 1116 2366 sed
1146 2319 1289 2380 potius
1316 2320 1498 2367 refracta

123 2386 356 2446 judiciaria
379 2386 618 2439 severitate,
643 2395 685 2430 et
706 2396 889 2431 vestram
913 2386 1059 2442 fidem,
1082 2388 1180 2450 quia
1209 2387 1287 2434 filii
1303 2391 1399 2435 estis
1417 2395 1499 2437 Ec·

130 2457 285 2511 clesiae,
306 2467 347 2502 et
362 2457 497 2520 ipsius
523 2456 668 2503 matris
694 2456 1065 2503 mansuetudinem
1089 2459 1392 2507 commendare
1414 2463 1499 2508 mi-

180 2564 188 2586 ¹
205 2563 320 2608 Philip.
341 2575 385 2603 ιν,
403 2565 432 2597 5.
447 2581 488 2588 -
510 2562 670 2603 2Tit.1=1‚
687 2575 717 2595 2.
737 2582 780 2588 —-
796 2561 837 2594 31
859 2567 937 2605 Reg
961 2574 1050 2602 xxiv,
1069 2576 1096 2603 7.
