1902 3268
316 258 408 320 472
742 275 776 303 s,
821 273 1066 305 Atssousrim
1107 275 1309 305 nriscorl

317 337 425 401 pisci
447 338 566 401 quod
583 338 703 394 velis,
727 356 859 402 quam
877 339 1060 402 adipisci
1082 340 1187 386 velle
1204 340 1322 404 quod
1337 357 1422 386 non
1443 350 1655 405 oporteat.
1680 361 1699 381 »

319 409 439 467 Quid
467 410 548 455 tihi
572 410 769 455 videtur?
791 409 899 454 Haec
916 409 1049 454 verba
1077 427 1220 456 nonne
1241 412 1296 457 ab
1312 411 1405 475 ipsa
1425 412 1602 458 veritate
1622 427 1701 474 per

316 480 557 544 quemlibet
572 480 792 524 hominem
816 478 934 524 dieta
949 483 1080 525 sunt?
1097 482 1329 528 Possumus
1343 499 1443 542 ergo
1464 482 1536 528 hic
1559 481 1702 528 dicere

316 551 435 616 quod
463 550 691 615 Apostolus
719 551 778 596 ait
802 550 855 596 de
881 549 1072 613 quodam
1104 552 1328 615 Propheta
1356 556 1575 605 Cretensi,
1599 569 1699 599 cum

318 625 407 681 ejus
446 621 508 668 illi
549 620 760 667 sententia
795 619 1030 685 placuisset
1057 638 1069 667 ε
1102 642 1122 663 «
1145 622 1462 669 Testimonium
1499 623 1587 670 hoc
1623 640 1702 671 ve-

324 714 345 734 »
368 710 466 739 rum
487 703 548 738 est
562 692 596 739 1.
621 714 641 733 ›>

381 765 460 812 XI.
488 765 566 810 Ille
591 763 725 824 igitur
748 763 900 809 beatus
922 773 1002 819 est,
1031 764 1108 828 qui
1131 764 1274 810 omnia
1299 780 1400 828 quae
1418 764 1515 810 vult
1529 764 1663 810 habet
1685 800 1696 819 ‚

315 852 396 882 nec
412 834 578 898 aliquid
598 834 693 880 vult
724 833 844 898 quod
871 851 957 880 non
985 833 1121 882 decet.
1155 834 1287 892 Quod
1318 836 1352 881 si
1387 836 1447 881 ita
1480 845 1573 891 est,
1601 833 1702 881 vide

310 910 402 966 jam
424 922 524 968 quae
545 905 742 950 homines
762 921 851 951 non
877 904 1129 951 indecenter
1147 905 1293 952 velint.
1327 906 1449 952 Alius
1471 905 1567 952 vult
1589 922 1701 951 con-

308 977 455 1036 Jugari
475 1013 485 1033 ,
511 974 619 1020 alius
645 974 849 1034 conjugio
870 974 1075 1021 viduatus
1106 976 1312 1040 deinceps
1340 977 1611 1023 continenter
1627 975 1701 1021 eli-

315 1047 375 1107 git
406 1046 567 1100 vivere,
597 1045 707 1090 alius
730 1044 901 1091 nullum
928 1047 1214 1093 concubitum
1236 1065 1314 1094 nec
1339 1048 1382 1094 in
1406 1049 1511 1112 ipsis
1534 1046 1701 1110 nuptiis

316 1116 518 1181 experiri.
550 1117 603 1161 Et
640 1116 673 1161 si
706 1114 824 1161 aliud
859 1115 934 1161 hic
960 1116 1043 1162 alio
1075 1117 1228 1163 melius
1254 1119 1497 1182 reperitur3
1527 1117 1701 1163 nullum

317 1199 459 1234 tamen
475 1187 656 1233 istorum
684 1203 915 1251 possumus
945 1187 1090 1234 dicere
1105 1189 1355 1235 incedenter
1374 1189 1539 1253 aliquid
1560 1187 1697 1234 velle:

313 1261 374 1306 sic
398 1270 440 1306 et
465 1270 617 1323 optare
638 1259 767 1315 filios,
791 1259 1045 1323 nuptiarum
1071 1261 1237 1306 scilicet
1258 1260 1472 1317 fructum,
1497 1270 1538 1306 et
1553 1260 1610 1305 eis
1625 1258 1701 1323 qui

319 1331 509 1394 suscepti
530 1329 693 1375 fuerint
719 1330 852 1375 vitam
887 1347 936 1375 ac
960 1329 1141 1376 salutem
1161 1368 1172 1387 ‚
1201 1348 1289 1396 quo
1313 1342 1415 1378 voto
1443 1331 1702 1395 plerumque

319 1412 565 1466 occupatur
598 1400 727 1447 ctiam
762 1401 1028 1448 continentia
1059 1402 1245 1448 vidualis
1277 1420 1287 1448 ι
1315 1420 1416 1449 nam
1448 1403 1524 1449 etsi
1556 1411 1701 1464 spreto

320 1472 525 1532 conjugio
543 1475 633 1532 jam
666 1488 752 1516 non
781 1482 937 1534 optant
960 1473 1090 1518 etiam
1115 1472 1228 1518 filios
1261 1490 1490 1537 procreare
1512 1510 1521 1528 ‚
1546 1480 1701 1535 optant

316 1555 458 1590 tamen
497 1560 606 1607 quos
635 1553 980 1606 procreaverunt
1017 1543 1256 1589 incolumes
1294 1545 1454 1592 vivere.
1502 1543 1571 1590 Ab
1615 1542 1700 1587 hac

318 1615 438 1661 omni
464 1631 567 1660 cura
595 1613 803 1660 immunis
830 1624 889 1660 est
912 1614 1133 1675 virginalis
1158 1615 1395 1675 integritas,
1429 1615 1608 1661 Habent
1633 1623 1701 1659 ta-

320 1705 419 1733 men
440 1703 588 1731 omnes
607 1685 764 1731 charos
788 1696 829 1730 et
847 1685 1019 1743 charas,
1042 1686 1204 1750 quibus
1224 1704 1312 1732 non
1341 1685 1593 1732 indecenter
1616 1701 1700 1748 op-

321 1769 414 1805 tant
436 1758 565 1804 etiam
582 1756 864 1821 temporalem
885 1757 1082 1805 salutem.
1129 1757 1215 1804 Sed
1248 1775 1348 1804 cum
1375 1757 1502 1803 istam
1520 1756 1700 1803 salutem

320 1832 363 1877 in
390 1848 431 1877 se
453 1830 556 1894 ipsis
584 1840 626 1875 et
654 1829 700 1875 in
717 1830 775 1874 cis
794 1846 903 1892 quos
924 1829 1113 1891 diligunt
1135 1829 1282 1894 adepti
1303 1829 1500 1875 homines
1516 1827 1697 1880 fuerint,

319 1921 423 1950 num
443 1901 686 1966 poterimus
707 1919 777 1947 eos
794 1900 937 1948 dicere
953 1906 1046 1962 jam
1070 1902 1219 1948 beatos
1241 1905 1259 1948 Ρ
1280 1901 1458 1947 Habent
1474 1900 1588 1947 enim
1617 1896 1700 1944 ali-

317 1974 426 2039 quid
442 1973 562 2038 quod
585 1990 671 2019 non
689 1973 869 2019 dedecet
892 1973 1000 2020 velle
1019 1992 1029 2020 :
1053 1973 1124 2019 sed
1140 1974 1173 2019 si
1194 1973 1276 2019 alia
1303 1990 1390 2018 non
1410 1972 1580 2018 habent
1600 1987 1699 2016 ma-

309 2050 406 2107 jora
429 2056 557 2109 atque
574 2044 749 2090 meliora
771 2055 813 2090 et
832 2045 1031 2091 utilitatis
1047 2044 1301 2109 decorisque
1316 2043 1529 2107 pleniora,
1548 2041 1700 2088 adhuc

317 2136 338 2163 a
359 2118 485 2162 beata
506 2115 596 2161 vita
614 2115 741 2174 longe
767 2115 941 2160 absunt.

382 2187 485 2233 XII.
513 2185 732 2231 Placet-te
759 2184 889 2245 igitur
909 2196 957 2231 ut
980 2201 1109 2249 super
1128 2184 1310 2231 salutem
1333 2184 1458 2230 istam
1485 2194 1700 2247 tempora-

315 2259 397 2305 lem
425 2268 578 2321 optent
597 2257 681 2302 sibi
703 2274 752 2302 ac
780 2257 866 2303 suis
894 2257 1082 2303 honores
1099 2268 1140 2303 et
1169 2258 1430 2320 potestates?
1453 2254 1581 2310 Sane,
1601 2253 1700 2299 siut

314 2348 392 2393 per
411 2330 499 2375 hoc
529 2327 758 2374 consulant
781 2329 838 2374 eis
856 2365 867 2384 ‚
896 2329 971 2391 qui
997 2328 1152 2374 vivunt
1175 2328 1257 2374 sub
1285 2327 1342 2372 eis
1361 2363 1372 2382 ‚
1401 2342 1488 2371 non
1518 2334 1699 2388 propter

312 2401 411 2447 haec
434 2400 547 2462 ipsa,
569 2398 641 2444 sed
662 2409 844 2463 propter
867 2399 984 2445 aliud
1005 2398 1122 2462 quod
1143 2397 1243 2444 inde
1284 2398 1334 2442 fit
1352 2397 1518 2443 bonum
1535 2432 1546 2452 ,
1574 2393 1698 2440 decet

309 2489 357 2517 ea
380 2470 488 2516 velle
507 2487 517 2515 ε
536 2470 568 2515 si
587 2480 729 2515 autem
758 2480 939 2534 propter
962 2470 1134 2515 inanem
1153 2468 1312 2514 fastum
1337 2466 1533 2513 elationis
1562 2481 1696 2528 pom-

312 2556 503 2605 pamque
530 2539 802 2602 superfluant
825 2540 890 2587 vel
915 2542 1046 2587 etiam
1067 2539 1237 2586 noxiam
1256 2537 1475 2593 vanitatis,
1504 2552 1592 2581 non
1617 2534 1697 2580 de-

362 2626 370 2646 ¹
388 2627 452 2657 TA.
477 2634 498 2661 1,
520 2624 570 2654 13.
