1902 3268
339 308 442 360 35&
762 323 795 352 ε.
840 320 1084 353 Aocvsrnvi
1120 319 1322 352 emacem

336 389 598 436 constitutus
633 398 709 434 est.
758 387 875 432 Misit
910 387 1115 433 militares
1145 405 1155 432 τ
1194 403 1319 432 nemo
1345 386 1491 451 potuit
1517 389 1710 453 reperiri.

337 460 423 507 Sed
455 476 580 506 mane
606 458 888 518 cognovimus
912 468 952 502 et
988 458 1031 503 in
1062 474 1148 520 qua
1183 457 1315 504 domo
1338 458 1492 516 fuerit,
1522 470 1563 506 et
1597 459 1716 524 quod

336 542 438 595 post
461 530 561 591 galli
586 539 762 575 cantum
788 544 889 574 cum
911 527 987 573 illo
1013 528 1259 583 abcesserit,
1279 529 1356 593 qui
1379 546 1477 576 eum
1501 541 1711 580 tenuerat.

339 602 480 648 Etiam
501 600 605 646 illuc
623 599 719 645 misi
743 615 832 662 quo
858 597 1089 644 dicebatur
1113 598 1330 645 abductus
1354 617 1364 645 ε
1402 600 1480 646 ubi
1500 618 1718 649 memora-

337 683 405 718 tus
432 670 645 717 Officialis
666 669 866 715 inventus
886 705 897 717 .
927 667 1166 714 concedere
1183 669 1459 732 presbytero,
1483 687 1610 734 quem
1632 672 1718 719 mi·-

337 759 493 798 seram,
517 740 659 787 noluit
684 750 733 786 ut
755 756 855 785 eum
877 737 1026 784 saltem
1050 738 1229 786 videret.
1265 739 1360 786 Alio
1385 739 1456 787 die
1477 741 1574 788 misi
1600 741 1720 789 litte-

334 831 401 858 ras
425 851 435 869 ‚
477 823 654 876 petens,
699 821 747 856 ut
785 810 822 855 ei
855 808 1166 856 concederetur
1192 811 1311 873 quod
1346 811 1474 871 J‘ussit
1507 812 1551 857 in
1581 813 1720 859 causis

334 884 494 930 talibus
516 885 778 946 Imperator,
802 881 944 936 idest,
973 891 1020 927 ut
1036 881 1156 927 Actis
1174 881 1517 945 municipalibus
1540 883 1721 929 interro-

335 965 544 1015 garentur
565 991 575 1009 ,
603 953 678 1016 qui
697 952 911 1015 praecepti
936 951 1098 997 suerint
1119 952 1383 1009 exhibendi,
1412 966 1560 999 utrum
1588 953 1722 1001 velint

332 1027 378 1071 in
403 1042 449 1070 ea
482 1025 663 1071 civitate
687 1023 768 1068 sub
796 1022 994 1068 custodia
1016 1022 1236 1068 moderata
1262 1023 1438 1083 triginta
1458 1023 1548 1069 dies
1565 1041 1686 1084 agere
1706 1062 1718 1078 ,

333 1108 382 1143 ut
407 1113 494 1141 rem
524 1113 645 1141 suam
673 1093 874 1140 ordinent
899 1093 966 1140 vel
990 1105 1242 1157 praeparent
1261 1105 1462 1158 sumptus
1483 1113 1493 1140 ι
1511 1095 1555 1141 id
1573 1096 1722 1159 utique

330 1169 575 1214 existimans
600 1165 719 1229 quod
745 1182 823 1228 per
847 1163 937 1209 dies
956 1164 1074 1227 ipsos
1097 1182 1318 1228 possemus
1343 1166 1520 1211 fortasse
1546 1183 1721 1212 causam

331 1243 424 1300 ejus
449 1238 589 1284 amica
615 1236 931 1300 disceptatione
956 1234 1097 1280 finire.
1125 1235 1149 1279 J
1155 1253 1223 1280 am
1246 1252 1348 1281 vero
1376 1252 1476 1281 cum
1507 1236 1584 1282 illo
1605 1236 1720 1283 Offl-

335 1310 434 1356 ciali
466 1307 689 1373 profectus
725 1306 884 1352 ductus
915 1316 975 1351 est
1004 1323 1014 1350 ε
1051 1304 1123 1351 sed
1150 1316 1288 1351 metus
1319 1316 1410 1362 est,
1444 1324 1496 1352 ne
1530 1306 1640 1353 forte
1669 1306 1721 1352 ad

335 1379 587 1425 Consularis
625 1377 868 1441 perductus
905 1375 1095 1421 officium
1121 1414 1132 1433 ,
1161 1376 1263 1422 mali
1302 1376 1470 1440 aliquid
1507 1378 1715 1442 patiatur.

330 1452 479 1498 Habet
499 1449 613 1496 enim
641 1465 817 1494 causam
839 1463 940 1493 cum
967 1446 1147 1492 homine
1170 1447 1548 1510 pecuniosissimo,
1568 1466 1722 1512 quam-

333 1523 396 1569 vis
445 1520 610 1581 judicis
649 1518 873 1578 integritas
912 1517 1024 1563 fztma
1062 1517 1300 1564 clarissima
1334 1518 1611 1581 praedicetur.
1659 1520 1723 1565 Ne

329 1591 441 1657 quid
482 1603 626 1637 tamen
667 1588 786 1653 apud
827 1587 1034 1633 Officium
1074 1588 1261 1650 pecunia
1301 1590 1540 1651 praevaleat
1566 1627 1577 1647 ‚
1620 1600 1722 1654 peto

337 1663 614 1709 sanctitatem
641 1672 778 1715 tuam,
804 1658 981 1705 domine
995 1658 1273 1704 dilectissime
1297 1670 1339 1705 et
1359 1661 1617 1707 venerabilis
1632 1661 1725 1707 fra-

335 1744 417 1789 ter,
443 1729 759 1778 uthonorabili
777 1728 992 1791 nobisque
1010 1727 1266 1773 charissimo
1288 1728 1519 1776 Consulari
1536 1729 1724 1790 digneris

336 1803 508 1850 tradere
531 1801 696 1847 litteras
717 1816 830 1845 meas
850 1836 860 1849 .
893 1809 933 1844 et
958 1798 1037 1844 has
1057 1799 1092 1844 ei
1120 1798 1282 1858 legere3
1310 1799 1410 1862 quia
1435 1800 1503 1846 bis
1525 1799 1722 1847 eamdem

336 1890 514 1921 causam
538 1872 759 1918 insinuare
782 1869 1068 1915 necessarium
1103 1886 1190 1914 non
1218 1886 1304 1915 esse
1328 1870 1566 1917 arbitratus
1588 1887 1682 1917 sum
1709 1889 1720 1916 ε

332 1956 381 1991 ,et
405 1947 498 2005 ejus
520 1959 664 1989 causae
684 1941 857 1987 differat
876 1939 1161 1996 audientiam,
1183 1940 1390 2003 quoniam
1416 1942 1560 1988 nescio
1575 1952 1725 1988 utrum

338 2017 385 2062 in
407 2033 455 2061 ea
476 2030 635 2060 nocens
661 2030 714 2058 an
739 2012 949 2057 innocens
973 2011 1041 2057 sit.
1074 2011 1130 2055 Et
1156 2010 1277 2073 quod
1307 2010 1424 2057 circa
1446 2012 1648 2058 eumdem
1666 2010 1723 2058 le-

339 2104 409 2148 ges
439 2102 527 2132 non
554 2094 734 2132 servatae
762 2092 893 2138 sunt,
935 2092 984 2127 ut
1027 2080 1086 2127 sic
1121 2092 1376 2144 raperetur;
1415 2100 1553 2146 neque
1589 2094 1638 2129 ut
1665 2083 1723 2129 ab

339 2159 608 2220 Imperatore
646 2163 922 2217 praeceptum
956 2161 1046 2207 est,
1088 2151 1142 2197 ad
1170 2153 1278 2197 Acta
1309 2153 1593 2217 municipalia
1617 2170 1723 2217 per-

337 2227 570 2273 duceretur
605 2222 966 2283 interrogandus,
1019 2231 1168 2267 utrum
1203 2223 1466 2268 beneficium
1502 2222 1722 2270 dilationis

335 2298 465 2344 vellet
494 2297 693 2359 accipere
715 2332 726 2350 ‚
756 2311 845 2339 non
879 2302 1159 2339 contemnat:
1200 2304 1249 2339 ut
1283 2310 1362 2356 per
1387 2294 1474 2341 hoc
1507 2294 1721 2359 possimus

334 2385 435 2413 cum
457 2371 549 2427 ejus
573 2364 820 2412 adversario
840 2379 930 2410 rem
955 2362 1093 2410 finire.
