1902 3268
342 242 432 285 502
765 260 800 288 s.
846 258 1090 288 amussim
1127 258 1331 289 Eplscori

344 322 587 384 persistenti
614 323 806 369 tunicam
837 323 1000 380 tollere,
1027 336 1187 369 etcum
1208 341 1257 370 eo
1287 325 1361 388 qui
1392 341 1468 370 nos
1501 326 1722 386 angariare

343 390 546 448 uolueiit5
570 392 629 438 ire
647 392 802 438 <lehem
820 395 959 457 soatio
998 394 1162 439 itineris
1182 393 1472 458 duplicato:
1462 413 1599 459 ‚quae
1624 413 1723 442 om-

345 463 413 508 nia
440 430 693 526 reipi1blicae
715 464 909 510 moribus
947 467 1092 510 asserit
1117 482 1203 511 esse
1232 466 1460 514 contraria.
1491 467 1601 513 Nam
1627 467 1724 531 quis

349 534 438 579 tolli
464 534 546 579 sibi
565 535 621 578 ab
647 534 770 580 hoste
789 533 956 599 aliquid
983 535 1193 599 patiatur,
1209 535 1275 581 vel
1303 538 1513 582 Romanae
1539 537 1724 600 provin-

355 605 435 650 ciae
475 603 650 668 dquaed
660 606 766 651 atori
791 623 877 651 non
900 606 1011 651 111113
1036 605 1139 652 xelit
1173 606 1394 666 1)(3111]111“6
1420 611 1656 670 reponere?
1686 618 1727 654 et

351 686 510 721 caetera
536 693 635 739 quae
651 676 738 722 dici
764 677 817 723 ad
855 677 1018 741 reliqua
1045 695 1168 741 posse
1187 678 1387 739 intelligit
1425 679 1728 725 venerabilitas

351 756 437 791 tua.
465 746 573 791 Haec
592 764 692 807 ergo
729 748 893 804 onmia,
921 748 1003 812 ipsi
1036 766 1158 811 posse
1183 748 1361 809 adjungi
1382 750 1729 813 aestimatquaes-

350 816 475 871 noni,
503 817 546 862 in
571 828 737 863 tantum
767 829 814 864 ut
847 837 925 882 per
950 819 1223 864 Christianos
1245 819 1479 882 principes,
1510 819 1730 865 Christia-

350 905 448 932 nam
470 886 716 947 religionem
733 891 913 935 maxima
935 901 1120 953 exparte
1141 900 1373 946 servantes,
1394 900 1511 936 tanta
1535 889 1733 952 (etiamsi

349 958 441 1020 ipse
459 957 512 1002 de
531 957 617 1003 hac
643 970 766 1022 parte
788 961 948 1024 taceat)
973 959 1231 1023 reipublicae
1254 959 1367 1006 mala
1386 959 1574 1006 evenisse
1598 959 1733 1006 mani-

352 1028 506 1074 festum
527 1029 594 1076 sit.
629 1051 647 1071 1>

421 1101 503 1147 lli.
536 1123 554 1141 α
585 1101 707 1147 Unde
739 1102 851 1148 sicut
887 1102 1116 1149 beatitudo
1143 1113 1217 1148 tua
1240 1119 1412 1148 mecum
1430 1103 1637 1163 dignatur
1655 1121 1733 1164 ag-

354 1188 529 1217 noscere
551 1210 560 1228 ,
611 1173 664 1218 ad
689 1173 787 1219 liaec
811 1174 956 1219 omnia
986 1173 1222 1237 (quoniam
1264 1173 1501 1219 multorum
1532 1175 1737 1220 manibus

356 1242 445 1287 sine
466 1242 604 1288 dubio
631 1244 825 1290 tradetur
849 1244 1087 1290 sanctitatis
1113 1255 1200 1290 tuae
1226 1243 1467 1290 desiderata
1481 1244 1736 1308 responsio),

357 1312 511 1376 plenus
536 1313 666 1360 debet
685 1325 726 1360 et
749 1315 1032 1361 elucubratus
1055 1314 1280 1361 solutionis
1313 1313 1518 1378 splendor
1535 1313 1702 1361 ostendi
1723 1335 1734 1368 ;

359 1384 541 1430 maxime
564 1386 666 1448 quia
690 1403 790 1431 cum
828 1386 905 1432 ista
945 1397 1212 1446 gererentur,
1235 1385 1415 1431 eximius
1444 1386 1739 1449 Hipponensis

358 1455 541 1514 regionis
560 1473 774 1518 possessor
787 1467 828 1501 et
849 1456 1052 1502 dominus
1066 1474 1254 1520 praesens
1274 1455 1441 1512 aderat,
1466 1458 1541 1520 qui
1556 1467 1596 1502 et
1619 1473 1739 1502 sanc-

359 1525 527 1571 titatem
554 1536 669 1572 tuam
691 1527 773 1572 sul)
795 1527 946 1572 ironiae
965 1526 1213 1573 adulatione
1233 1526 1443 1584 laudaret⁷
1464 1526 1619 1582 etsibi‚
1639 1543 1741 1572 cum

359 1595 412 1640 de
447 1595 515 1641 his
538 1608 777 1659 quaereret,
815 1597 993 1643 minime
1024 1597 1291 1643 satisfactum
1325 1614 1410 1642 esse
1442 1596 1735 1644 contenderet.

363 1665 453 1724 Ego
472 1682 572 1711 vero
598 1666 652 1712 ad
671 1666 768 1713 haec
803 1668 947 1713 omnia
982 1667 1279 1731 promissionis
1302 1684 1390 1713 non
1421 1667 1650 1713 immemor
1668 1666 1743 1713 sed

361 1747 533 1782 exactor
557 1773 568 1794 ,
589 1737 725 1784 libros
748 1739 906 1785 confici
925 1739 1156 1803 deprecor,
1194 1739 1421 1796 Ecclesiae,
1449 1738 1537 1785 hoc
1562 1738 1745 1785 maxime

364 1815 579 1869 tempore,
607 1807 922 1855 incredibiliter
944 1809 1213 1873 profuturos,
1239 1831 1257 1851 υ

419 1908 427 1927 ¹
449 1907 565 1940 Manli,
586 1920 615 1945 v,
639 1911 693 1949 39.
