1902 3268
682 293 892 326 ΕΡιείὀιΑ
927 293 1030 324 cvu.
1463 277 1556 323 313

178 376 319 431 putas.
348 364 476 410 Addo
499 362 628 409 etiam
649 397 658 416 ‚
680 360 713 406 si
733 375 819 405 non
838 358 1085 422 probavero
1098 394 1109 413 ,
1126 372 1213 402 non
1231 356 1309 401 sim
1325 358 1557 420 episcopus

180 433 501 484 communionis
520 448 627 479 meae
648 449 658 476 :
681 431 713 477 si
740 440 882 476 autem
906 428 1150 492 probavero
1167 463 1179 484 ,
1199 426 1288 472 noli
1308 443 1394 472 esse
1414 426 1556 472 inimi·

180 521 258 552 cus
280 503 429 550 salutis
449 513 548 549 tuae.
576 501 698 564 Opto
720 511 785 556 te,
810 498 985 544 domine
1002 496 1152 553 frater,
1174 496 1218 542 in
1246 512 1353 559 pace
1370 512 1456 541 esse
1474 511 1557 540 no-

180 574 366 620 hiscum.

187 735 363 751 ΜΜὶἉὶδν
380 735 498 750 ὶωὶνιὶὶῆι
505 735 546 750 ινδ
552 735 594 749 §vv
613 734 636 748 w
647 734 686 749 ιἏ
692 730 1149 747 xmuummmqsxwwwbxmsm
1155 731 1380 746 mqsxtxwmquq
1386 732 1423 746 Ἁὶ
1433 732 1473 746 m
1492 732 1559 747 ΛΜ

637 843 902 887 EPISTOLA
938 842 1047 885 CVII
1067 842 1098 883 ³.

185 967 357 1007 Domino
375 965 606 1003 beatissimo
622 970 660 1000 et
680 959 898 1000 venerabili
916 959 1175 1011 multumque
1195 959 1448 999 desiderabili
1466 962 1568 1011 patri

282 1028 500 1065 Aususrmo
515 1024 703 1064 Munius
725 1031 764 1061 et
776 1023 1012 1062 Tnssooonus
1030 1022 1071 1059 in
1090 1020 1268 1060 Domino
1288 1021 1475 1060 salutem.

188 1155 416 1197 Jtlaximus
457 1163 495 1195 et
533 1152 780 1195 Theodorus
824 1152 1078 1209 Augustino
1115 1150 1420 1191 renuntiantes
1457 1149 1567 1203 quid

230 1222 335 1279 ipsis
355 1236 506 1263 eoram
525 1220 798 1275 responderit
823 1218 1077 1262 Macrobius
1101 1218 1160 1259 ad
1184 1217 1320 1275 ipsius
1344 1216 1522 1257 litteras.

255 1386 275 1405 «
302 1365 366 1410 Ex
397 1373 620 1427 praecepto
643 1362 883 1409 sanctitatis
910 1372 996 1407 tuae
1029 1361 1084 1408 ad
1109 1360 1366 1424 episcopum
1393 1359 1568 1403 Macro-

190 1435 316 1481 bium
346 1433 629 1497 perreximus,
673 1432 727 1478 ad
763 1448 893 1495 quem
931 1446 1033 1478 cum
1075 1430 1261 1476 Litteras
1287 1426 1573 1474 beatitudinis

191 1515 280 1550 tuae
299 1501 587 1568 perferremus
602 1539 614 1558 ‚
653 1503 796 1566 primo
815 1501 990 1561 negavit
1013 1517 1055 1547 se
1082 1518 1137 1546 ne
1155 1499 1294 1546 eidem
1311 1498 1568 1559 legerentur.

192 1573 361 1621 Deinde
379 1572 616 1636 aliquando
639 1590 686 1619 ex
710 1583 872 1618 nostrae
900 1570 1171 1632 suggestione
1197 1580 1468 1624 commotus,
1489 1584 1576 1613 eas-

193 1644 293 1690 dem
316 1643 399 1689 sibi
418 1641 559 1688 voluit
583 1642 784 1698 recitari,
812 1642 975 1705 quibus
998 1641 1164 1687 relectis
1183 1675 1194 1697 ‚
1216 1640 1277 1685 ait
1298 1656 1310 1683 ι
1336 1643 1444 1685 Non
1463 1653 1577 1700 pos-

194 1730 301 1760 sam
319 1715 413 1758 nisi
427 1713 498 1757 ad
512 1729 588 1758 me
600 1715 845 1758 venientes
871 1716 1108 1774 suscipere
1122 1747 1132 1766 ‚
1158 1721 1204 1756 et
1223 1708 1385 1755 iisdem
1391 1707 1570 1769 fidem,

196 1801 342 1848 quam
349 1782 703 1847 postulaverint
722 1819 733 1838 ‚
758 1783 890 1828 clare.
919 1784 1033 1827 Cum
1062 1791 1207 1826 autem
1229 1798 1252 1825 a
1275 1777 1405 1824 nobis
1436 1776 1576 1822 eidem

197 1854 431 1909 diceretur,
454 1852 564 1917 quid
588 1852 642 1898 de
658 1852 773 1898 facto
794 1852 1008 1898 Primiani
1028 1851 1217 1906 diceret,
1249 1848 1357 1894 dixit
1375 1864 1416 1893 se
1437 1863 1579 1910 nuper

197 1924 445 1971 ordinatum
470 1923 608 1987 patris
631 1923 698 1969 sui
727 1923 925 1983 judicem
960 1939 1048 1968 esse
1072 1939 1161 1967 non
1188 1936 1332 1984 posse,
1355 1918 1429 1964 sed
1465 1918 1509 1963 in
1533 1916 1579 1962 id

198 1994 318 2058 quod
335 2012 358 2039 a
375 1993 597 2057 prioribus
619 1993 707 2039 suis
729 1993 946 2056 acceperit
964 2007 1232 2056 permanere.
1258 1987 1391 2046 Quod
1411 2003 1581 2033 necesse

199 2063 438 2109 habuimus
462 2063 532 2108 his
556 2062 730 2108 Litteris
755 2062 999 2108 sanctitatis
1023 2072 1110 2107 tuae
1142 2059 1400 2120 significare.
1431 2056 1578 2102 Beati-

199 2132 397 2179 tudinem
418 2143 539 2178 tuam
562 2132 689 2178 nobis
713 2132 927 2178 Dominus
947 2130 1184 2187 custodiat,
1207 2127 1381 2175 domine
1401 2137 1536 2190 pater.
1559 2147 1579 2166 »

251 2232 260 2253 ¹
291 2229 378 2262 Atias
407 2241 537 2264 ccnxvr.
573 2241 644 2274 quae
672 2235 777 2262 autem
810 2242 872 2270 ¹07
901 2237 991 2270 erat,
1029 2241 1125 2263 nune.
1157 2229 1237 2261 216.
1284 2242 1330 2251 —-
1357 2223 1479 2273 Scripta
1510 2229 1581 2268 §³⁰3⁸

203 2285 411 2330 superiorem.
