1902 3268
353 315 415 369 84
763 331 796 359 s,
841 329 1083 360 Aucus'rlm
1118 329 1320 360 EPISCOM

351 394 504 449 ruent,
536 404 577 438 et
602 394 656 439 ad
675 393 985 439 confessionem
1007 394 1074 441 vel
1098 411 1232 458 poena
1257 394 1324 441 vel
1351 394 1505 440 timore
1532 393 1730 457 compel-

350 467 502 512 lerent.
532 466 705 528 Ubique
731 465 911 528 quidem
935 466 1049 511 Deus
1073 478 1153 523 est,
1174 478 1215 513 et
1247 467 1368 513 nullo
1396 468 1643 514 continetur
1662 465 1730 512 vel

349 535 593 582 includitur
613 535 710 580 loco
736 535 811 597 qui
835 534 1036 580 condidit
1069 536 1230 592 omnia,
1252 548 1293 582 et
1316 555 1414 583 eum
1445 556 1466 583 a
1489 537 1599 583 veris
1620 534 1730 582 ado-

351 606 573 651 ratoribus
590 605 636 651 in
660 606 818 669 spiritu
841 617 883 651 et
901 605 1080 651 veritate
1103 617 1274 669 oportet
1297 608 1487 663 adorari,
1515 617 1563 653 ut
1583 607 1628 652 in
1651 623 1731 652 oc-

349 675 470 722 culto
503 676 749 732 exaudiens,
789 676 836 722 in
876 676 1050 722 occulto
1090 677 1218 722 etiam
1241 678 1452 737 J'ustificet
1469 688 1512 723 et
1533 686 1724 723 coronet.

349 745 664 792 Verumtamen
684 745 739 792 ad
757 746 836 792 ista
852 763 953 810 quae
972 747 1229 792 hominibus
1249 747 1476 794 visibiliter
1490 758 1592 794 nota
1610 757 1728 803 sunt,

349 817 446 880 quis
472 827 614 880 potest
637 819 672 878 ej
682 834 730 863 us
750 817 981 863 consilium
1000 818 1282 881 perscrutari,
1307 818 1497 882 quarein
1517 818 1609 863 aliis
1625 817 1732 863 locis

349 888 448 933 haec
474 887 686 933 miracula
712 888 836 943 fiant,
864 887 910 932 in
947 887 1039 933 aliis
1062 905 1148 934 non
1169 889 1306 934 fiant?
1335 888 1484 933 Multis
1509 887 1623 933 enim
1647 904 1733 932 no·-

347 958 512 1004 tissima
534 968 595 1004 est
618 957 826 1004 sanctitas
840 957 942 1014 loci,
962 958 1040 1004 ubi
1058 958 1175 1004 beati
1194 959 1346 1005 Felicis
1364 958 1559 1004 Nolensis
1573 973 1734 1021 corpus

348 1027 576 1075 conditum
601 1039 686 1085 est,
722 1046 810 1092 quo
842 1028 962 1075 volui
1005 1039 1054 1075 ut
1073 1041 1328 1093 pergerent3
1353 1029 1455 1093 quia
1479 1028 1581 1074 inde
1606 1027 1733 1073 nobis

344 1099 514 1145 facilius
532 1099 790 1162 fideliusque
805 1099 937 1144 scribi
955 1110 1097 1162 potest
1115 1100 1334 1163 quidquid
1348 1100 1394 1145 in
1418 1116 1569 1145 eorum
1586 1097 1732 1161 aliquo

341 1169 554 1215 divinitus
573 1170 706 1215 fuerit
738 1168 1035 1233 propalatum.
1068 1170 1179 1214 Nam
1196 1180 1237 1215 et
1257 1187 1333 1215 nos
1348 1170 1548 1215 novimus
1567 1167 1733 1214 Medio-

346 1238 437 1285 lani
461 1239 582 1302 apud
607 1239 860 1285 memoriam
885 1239 1247 1295 sanctorum‚ubi
1261 1238 1521 1285 mirabiliter
1536 1248 1578 1284 et
1603 1236 1734 1283 terri—

346 1308 496 1354 biliter
523 1309 743 1356 daemones
776 1310 1057 1366 confitentur,
1098 1308 1239 1355 furem
1276 1310 1528 1373 quemdam,
1569 1307 1646 1372 qui
1679 1306 1734 1353 ad

346 1396 445 1426 cum
462 1379 609 1426 locum
632 1391 809 1428 venerat
827 1391 874 1426 ut
891 1380 1251 1441 falsumjurando
1270 1380 1507 1444 deciperet,
1535 1378 1736 1442 compul-

348 1466 444 1495 sum
467 1448 596 1495 fuisse
615 1451 813 1496 confiteri
850 1450 1035 1507 furtum,
1063 1461 1104 1497 et
1127 1451 1248 1514 quod
1269 1451 1507 1497 abstulerat
1525 1449 1730 1496 reddere:

348 1519 569 1583 numquid
594 1537 682 1566 non
705 1531 747 1566 et
767 1519 913 1567 Africa
929 1532 1179 1567 sanctorum
1204 1522 1453 1584 Martyrum
1473 1519 1736 1583 corporibus

348 1589 478 1653 plena
498 1593 587 1636 est?
607 1600 807 1636 ettamen
830 1608 1046 1655 nusquam
1070 1592 1148 1638 hic
1169 1591 1329 1638 scimus
1349 1591 1451 1637 talia
1480 1592 1587 1638 fieri.
1611 1590 1737 1636 Sicut

347 1660 481 1718 enim,
499 1661 619 1725 quod
646 1661 878 1725 Apostolus
900 1663 1040 1709 dicit:
1065 1684 1085 1704 «
1111 1664 1209 1709 Non
1233 1680 1381 1709 omnes
1410 1662 1545 1708 sancti
1570 1661 1736 1708 habent

351 1729 469 1776 dona
499 1731 774 1778 curationum
796 1769 808 1788 ‚
857 1750 937 1779 nec
979 1750 1126 1778 omnes
1174 1733 1342 1778 habent
1377 1732 1736 1792 dijudicationem

352 1800 621 1865 spirituum1
646 1819 655 1846 :
679 1823 698 1843 >>
737 1803 796 1848 ita
828 1820 907 1848 nec
942 1803 987 1848 in
1019 1803 1224 1849 omnibus
1244 1803 1462 1849 memoriis
1489 1813 1736 1849 sanctorum

351 1873 434 1919 ista
458 1873 550 1919 fieri
575 1873 717 1920 voluit
752 1874 841 1931 ille,
860 1875 936 1938 qui
961 1874 1120 1922 dividit
1142 1874 1323 1938 propria
1348 1874 1586 1938 unicuique
1605 1884 1738 1939 prout

351 1942 461 1989 vult.

421 2013 496 2061 lv.
521 2014 924 2079 Quaproptercum
946 2032 1023 2074 ego
1044 2014 1278 2061 noluissem
1301 2014 1423 2061 hunc
1436 2015 1736 2075 gravissimum

352 2083 548 2131 dolorem
583 2085 725 2132 cordis
761 2086 845 2132 mei
878 2086 1004 2132 vobis
1029 2086 1212 2149 perferri
1245 2085 1290 2131 in
1322 2086 1543 2143 notitiam,
1583 2104 1637 2132 ne
1663 2103 1739 2133 vos

353 2155 555 2201 atrociter
573 2165 614 2201 et
637 2156 823 2203 inaniter
845 2156 1146 2203 contristando
1168 2157 1414 2212 turbarem3
1435 2156 1624 2203 fortassis
1642 2156 1738 2202 ideo

351 2225 468 2271 Deus
493 2224 635 2271 noluit
658 2243 733 2273 vos
758 2227 907 2283 latere,
931 2237 979 2272 ut
998 2227 1233 2273 nobiscum
1265 2227 1535 2273 orationibus
1563 2227 1739 2273 incum—

353 2295 486 2350 batis,
519 2305 568 2341 ut
595 2296 717 2359 quod
740 2297 832 2361 ipse
852 2297 898 2342 in
931 2296 1017 2343 hac
1048 2313 1176 2342 causa
1199 2298 1320 2344 novit
1354 2314 1432 2344 nos
1455 2308 1597 2344 autem
1617 2313 1740 2343 nosse

352 2382 441 2412 non
456 2383 704 2429 possumus,
724 2369 855 2415 etiam
877 2368 1004 2414 nobis
1027 2367 1300 2414 manifestare
1320 2367 1538 2429 dignetur.
1570 2371 1739 2415 Nomen

357 2447 501 2483 autem
534 2438 780 2503 presbyteri
819 2450 1049 2504 propterea
1073 2455 1164 2484 non
1189 2455 1315 2484 ausus
1342 2456 1438 2485 sum
1465 2439 1518 2486 de
1557 2455 1739 2485 numero

354 2505 620 2568 collegarum
637 2513 728 2570 ejus
745 2510 813 2558 vel
841 2511 1114 2575 supprimere
1133 2509 1202 2557 vel
1218 2509 1374 2570 delere,
1394 2527 1448 2557 ne
1473 2509 1634 2557 divinae
1652 2525 1738 2573 po-

354 2577 520 2632 testati,
565 2579 647 2625 sub
677 2584 803 2642 cujus
839 2582 1030 2628 examine
1061 2596 1190 2628 causa
1211 2579 1357 2629 adhuc
1382 2581 1565 2646 pendet,
1596 2580 1734 2627 facere

405 2660 415 2683 ¹
439 2671 450 2691 r
473 2663 698 2708 Cor.x11‚30.
