1902 3268
358 280 417 325 Oo
779 296 814 325 s,
859 292 1105 326 mausum
1141 292 1346 325 EPISCOPI

355 359 499 405 chiam
535 358 669 423 (licet
694 358 782 405 hoc
819 359 1130 422 Apostolorum
1156 359 1265 404 Acta
1299 375 1389 405 non
1413 359 1637 418 scribant,
1663 359 1736 408 sed

360 429 603 476 affirmandi
635 429 775 475 Paulo
799 429 1064 476 credendum
1091 429 1174 492 sit)
1218 430 1262 475 in
1297 429 1449 475 faciem
1485 431 1548 476 illi
1574 432 1738 478 Paulus

357 501 557 546 restitisse
580 517 622 545 se
641 500 817 551 scribit,
844 500 947 562 quia
973 499 1324 563 reprehensibilis
1347 511 1452 547 erat.
1477 502 1603 547 Prius
1621 503 1736 548 enim

356 587 488 633 quam
512 569 708 615 venirent
730 568 911 632 quidam
935 587 956 614 a
976 569 1142 614 Jacobo
1162 604 1173 625 ,
1195 586 1295 615 cum
1319 571 1521 630 gentibus
1540 571 1698 617 edebat
1721 590 1733 617 z

356 657 457 685 cum
475 650 619 686 autem
639 639 871 694 venissent,
893 639 1185 685 subtrahebat
1211 656 1253 684 se
1274 677 1285 695 ‚
1311 651 1353 685 et
1373 641 1624 701 segregabat
1644 678 1654 695 ‚
1680 642 1737 687 ti-

356 727 475 755 niens
506 727 576 755 eos
611 711 686 772 qui
726 727 772 754 ex
805 710 1137 755 circumcisione
1166 720 1301 756 erant.
1341 711 1397 755 Et
1428 722 1738 757 consenserunt

353 796 455 824 cum
469 779 544 825 illo
563 779 709 825 caeteri
730 778 894 833 Judaei‚
919 779 978 824 ita
1001 790 1049 824 ut
1073 790 1114 824 et
1133 780 1354 825 Barnabas
1374 780 1665 827 adduceretur
1680 781 1737 827 ab

354 849 423 895 his
447 851 492 895 in
515 849 635 895 illam
660 849 997 897 simulationem.
1030 871 1049 891 α
1071 850 1156 896 Sed
1180 867 1281 896 cum
1306 850 1506 897 vidissem
1525 888 1536 907 ‚
1560 851 1704 915 inquit
1722 888 1733 907 ,

355 941 375 962 »
393 920 514 984 quod
550 936 638 965 non
676 930 790 965 recte
814 919 1121 979 ingrediuntur
1144 920 1199 966 ad
1220 921 1444 968 veritatem
1477 921 1700 981 Evangelii
1721 958 1733 977 ,

354 1011 374 1031 »
402 990 488 1035 dixi
518 991 648 1034 Petro
674 1007 822 1035 coram
856 990 1061 1036 omnibus
1082 1028 1092 1046 ,
1123 990 1169 1036 Si
1198 1001 1246 1037 tu
1265 1029 1276 1047 ‚
1312 1009 1414 1038 cum
1449 992 1504 1037 sis
1528 992 1733 1048 Judaeus,

354 1081 373 1100 »
394 1059 609 1119 gentiliter
631 1070 674 1105 et
699 1077 788 1106 non
809 1060 992 1120 J'uda'ice
1020 1062 1156 1116 vivis3
1194 1063 1418 1125 quomodo
1449 1062 1566 1122 cogis
1589 1073 1734 1122 gentes

358 1129 687 1189 »ji1‹;la'1'zare?»
716 1141 757 1175 et
784 1141 955 1177 caetera.
995 1131 1119 1176 Nulli
1142 1148 1243 1191 crgo
1274 1132 1464 1178 dubium
1484 1143 1546 1178 cst
1568 1170 1578 1188 ,
1616 1132 1737 1195 quod

356 1203 507 1244 Petrus
542 1199 765 1262 apostolus
792 1200 1016 1246 sententiae
1049 1201 1199 1260 hujus,
1228 1205 1353 1261 cujus
1377 1218 1495 1247 nunc
1521 1202 1737 1265 praevari-

353 1281 475 1316 cator
512 1271 709 1329 arguitur
738 1307 748 1325 ‚
788 1270 956 1333 primus
992 1281 1145 1316 auctor
1167 1272 1366 1318 extiterit.
1413 1275 1554 1317 Causa
1591 1283 1737 1318 autem

352 1340 745 1404 p1·aevaricationi5,
771 1340 903 1385 timor
927 1350 989 1385 est
1012 1340 1287 1388 Judaeorum.
1314 1340 1434 1387 Dicit
1459 1341 1573 1386 enim
1589 1341 1736 1405 Scrip-

354 1424 448 1457 tura
466 1449 476 1467 ,
502 1411 623 1475 quod
650 1411 845 1474 primum
869 1411 1026 1457 edebat
1057 1429 1159 1458 cum
1184 1413 1386 1472 gentibus
1413 1430 1423 1458 :
1457 1429 1559 1458 cum
1591 1422 1737 1475 autem

351 1483 564 1528 venissent
581 1481 763 1545 quidam
782 1500 804 1528 a
823 1485 845 1527 J
850 1483 1008 1539 acobo,
1033 1483 1326 1529 subtrahebat
1344 1500 1386 1530 se
1406 1494 1448 1530 et
1464 1484 1733 1544 segregabat,

350 1553 505 1598 timens
528 1569 601 1598 eos
631 1553 707 1616 qui
731 1570 777 1598 ex
810 1552 1143 1600 circumcisione
1171 1565 1305 1602 erant.
1349 1555 1552 1601 Timebat
1591 1564 1735 1600 autem

349 1628 371 1669 J
377 1624 524 1670 udaeos
543 1661 554 1679 ,
592 1641 783 1688 quorum
821 1634 914 1670 erat
953 1624 1188 1689 Apostolus
1203 1646 1215 1680 ;
1256 1644 1311 1672 ne
1349 1643 1426 1690 per
1461 1626 1735 1673 occasionem

351 1695 579 1755 gentilium
599 1712 622 1740 a
643 1694 730 1741 fide
753 1695 918 1741 Christi
941 1696 1221 1752 recederent,
1256 1707 1296 1742 et
1326 1697 1521 1742 imitator
1548 1697 1736 1760 pastoris

351 1765 479 1821 boni,
500 1765 702 1829 perderet
726 1783 894 1827 gregem
924 1766 1007 1811 sibi
1025 1766 1258 1813 creditum.

418 1837 495 1882 IX.
537 1857 557 1876 «
577 1836 703 1882 Sicut
740 1854 840 1897 ergo
871 1836 1164 1891 ostendimus,
1204 1838 1385 1883 Petrum
1420 1837 1531 1883 bene
1553 1837 1734 1901 quidem

351 1907 526 1952 sensisse
545 1906 600 1952 de
624 1906 862 1953 abolitione
889 1907 1014 1967 Legis
1039 1908 1244 1953 Mosa'icae
1260 1944 1271 1964 ,
1303 1906 1377 1953 sed
1400 1907 1455 1953 ad
1485 1907 1734 1954 simulatio-

352 1994 448 2022 nem
477 1976 763 2022 observandae
788 1980 878 2036 ejus
904 1977 1057 2022 timore
1079 1977 1359 2041 compulsum
1380 1995 1390 2022 :
1413 1977 1655 2035 videamus,
1677 1995 1733 2024 an

349 2048 442 2111 ipse
474 2047 666 2103 Paulus,
695 2047 771 2110 qui
799 2047 931 2093 alium
961 2047 1136 2108 arguit,
1177 2047 1260 2093 tale
1277 2047 1387 2112 quid
1409 2046 1572 2094 fecerit.
1604 2048 1733 2108 Legi-

349 2135 446 2164 mus
468 2119 512 2164 in
537 2118 689 2165 eodem
714 2119 829 2164 libro
853 2137 863 2164 :
897 2141 917 2161 α
939 2118 1287 2165 Perambulabat
1311 2129 1455 2165 autem
1476 2119 1638 2165 Paulus
1653 2119 1734 2182 Sy·

350 2211 370 2231 »
394 2190 500 2235 riam
516 2227 526 2245 ‚
559 2201 601 2235 et
638 2188 838 2235 Ciliciam
854 2227 864 2246 ,
892 2190 1158 2236 confirmans
1181 2190 1383 2236 ecclesias
1406 2207 1418 2235 z
1444 2190 1730 2254 pervenitque

351 2283 369 2301 »
393 2261 440 2307 in
460 2260 653 2317 Derben,
683 2271 726 2306 et
744 2261 952 2317 Listram,
981 2271 1022 2306 et
1045 2278 1145 2307 ecce
1169 2260 1412 2324 discipulus
1433 2261 1615 2324 quidam
1641 2270 1732 2306 erat

350 2353 370 2373 n
394 2331 476 2387 ibi,
514 2331 690 2377 nomine
715 2332 973 2378 Timotheus
990 2370 1000 2389 ‚
1028 2332 1144 2378 filius
1167 2330 1359 2378 mulieris
1391 2332 1538 2378 viduae
1562 2331 1726 2387 fidelis,

348 2423 368 2443 »
393 2413 516 2465 patre
541 2412 682 2447 autem
707 2402 870 2462 gentili.
898 2403 1014 2449 Huic
1040 2402 1336 2449 testimonium
1366 2401 1630 2457 reddebant,
1652 2402 1729 2465 qui

347 2495 368 2514 »
391 2473 543 2518 Listris
567 2483 691 2518 erant
726 2483 768 2518 et
793 2473 943 2519 Iconio
965 2473 1130 2519 fratres.
1157 2473 1289 2518 Hunc
1315 2471 1453 2518 voluit
1478 2471 1638 2517 Paulus
1659 2488 1728 2516 se-

349 2567 368 2586 υ
387 2561 489 2590 cum
518 2542 770 2608 proficisci;
797 2553 840 2589 et
865 2561 1084 2592 assumens
1115 2542 1394 2591 circumcidit
1420 2559 1518 2589 eum
1545 2552 1729 2607 propter

349 2645 366 2658 υ
387 2615 589 2671 Judaeos,
617 2615 691 2678 qui
724 2626 848 2663 erant
867 2616 910 2662 in
938 2616 1021 2663 illis
1043 2616 1163 2664 locis.
1205 2615 1413 2662 Sciebant
1433 2614 1547 2661 enim
1579 2630 1728 2660 omnes
