1902 3268
572 294 787 329 zmsromt
820 293 1042 329 Lxxxvm.
1421 289 1508 346 143

128 362 308 419 fecisset,
341 362 624 406 audientiam
640 362 831 418 proebuit
851 372 1160 421 competentem
1183 379 1194 406 ε
1219 366 1329 409 adeo
1346 379 1394 410 ut
1413 387 1514 413 cum

136 429 374 474 Coeciliano
402 431 554 488 fuisset
581 430 826 487 objectum,
855 432 972 487 quod
995 447 1023 473 a
1047 431 1188 475 Felice
1215 434 1374 485 cidem,
1406 439 1512 492 epis-

131 510 308 556 copatus
329 501 552 543 videretur
571 515 656 542 esse
676 501 863 549 delatas,
887 502 959 544 cui
981 501 1055 543 div
1064 502 1249 545 inarum
1259 504 1513 563 Scriptura-

131 581 235 610 rum
246 569 443 625 proditio
461 578 590 624 atque
608 569 778 611 exustio
794 569 1023 611 videretur
1037 570 1219 626 objecta,
1239 573 1512 616 innocentem

132 636 183 677 de
201 651 250 678 eo
271 636 311 678 F
312 637 466 684 eolicem
485 637 618 692 fuisse
648 638 903 684 constiterit.
931 637 1134 692 Denique
1163 654 1265 681 cum
1287 641 1512 686 Maximus

132 703 395 762 lugentium
420 705 700 746 decurionem
723 703 1020 760 Ziquensium
1038 705 1252 756 civitatis,
1270 709 1517 764 Epistolam

135 772 371 814 Coeciliani
394 788 447 815 ece
476 773 712 815 duumviri
731 773 745 829 (
762 773 844 829 25)
870 773 1048 829 falsasse
1075 777 1374 830 contenderet,
1400 793 1519 819 eum-

133 840 234 883 dem
256 842 404 898 ipsum
439 841 701 899 Ingentium
728 855 986 897 suspensum
1003 871 1018 888 ,
1052 842 1162 883 actis
1184 858 1280 897 quoe
1308 856 1519 902 superant

130 909 430 966 pervidimus,
451 920 490 950 et
511 911 606 950 ideo
626 909 816 950 minime
836 918 1017 960 tortum,
1039 909 1154 963 quod
1173 925 1216 951 se
1239 911 1519 956 decurionem

133 976 425 1031 Ziquensium
465 977 533 1018 civ
543 978 664 1018 itatis
702 977 1031 1018 asseveraverit.
1086 976 1204 1020 Unde
1226 979 1429 1022 volumus
1471 992 1518 1024 ut

134 1044 368 1106 eumdem
352 1059 498 1101 ipsum
524 1043 783 1102 lugentium
816 1046 916 1100 (24)
938 1043 1015 1087 sub
1036 1044 1202 1087 idonea
1217 1049 1520 1102 prosecutione

136 1111 196 1154 ad
212 1112 472 1154 comitatum
497 1127 645 1153 meum
672 1102 960 1154 Constantini
981 1113 1358 1169 Augustimittas‚
1374 1116 1521 1159 utiliis

138 1173 214 1234 qui
234 1168 642 1236 inpraesentiarum
674 1190 814 1238 agunt
839 1191 967 1235 atque
990 1180 1217 1222 diuturnis
1238 1181 1250 1203 ¹
1278 1183 1430 1225 diebus
1455 1186 1521 1226 in·

140 1241 370 1305 terpellare
390 1263 480 1289 non
504 1216 739 1297 desinunt,
774 1248 1059 1290 audientibus
1083 1258 1122 1288 et
1145 1264 1295 1291 coram
1321 1252 1522 1294 assisten-

140 1306 255 1357 tibus
280 1330 490 1373 apparere
517 1325 556 1356 et
593 1307 802 1358 intimari
824 1317 976 1371 possit,
1001 1317 1169 1372 flustla
1188 1331 1254 1358 eos
1282 1314 1521 1362 Cceciliano

136 1384 333 1446 episcopo
365 1382 593 1425 invidiam
617 1399 899 1448 comparare,
926 1394 1055 1438 utque
1077 1378 1286 1426 adversus
1307 1401 1404 1427 cum
1423 1389 1521 1430 vio

142 1449 318 1494 lenter
302 1467 528 1509 insurgere
548 1447 746 1493 voluisse.
768 1442 841 1493 Ita
865 1467 919 1492 en
924 1452 986 1492 im
1008 1449 1109 1507 sien
1135 1462 1180 1493 ut
1203 1453 1390 1505 om1''‚881s
1409 1457 1522 1499 sicut

141 1518 329 1575 opor-let,
369 1512 587 1575 ejusmodi
609 1512 989 1570 contentionibus,
1014 1520 1203 1576 populus
1238 1522 1332 1564 sine
1361 1524 1523 1566 dassen-

141 1588 259 1629 sione
284 1587 438 1642 aliqua
470 1587 680 1644 reilgioni
707 1588 902 1644 propriae
932 1603 1034 1629 cum
1067 1587 1213 1630 debita
1242 1593 1522 1636 veneratione

144 1655 374 1697 deserviat.

208 1713 260 1769 V
291 1714 400 1769 Haec
419 1732 518 1768 cum
542 1697 688 1769 videas
705 1716 764 1768 ita
784 1740 825 1769 se
847 1717 1034 1779 habere,
1061 1723 1169 1786 quid
1186 1735 1246 1770 est
1261 1726 1379 1788 quod
1398 1727 1526 1773 nobis

145 1794 198 1840 de
216 1795 535 1857 Imperatorum
551 1794 835 1853 jussionibus,
862 1811 962 1858 quee
980 1803 1132 1839 contra
1149 1811 1226 1841 vos
1241 1812 1344 1842 cons
1354 1806 1524 1843 tltuun-

145 1876 234 1920 tur,
256 1863 466 1909 invidiam
489 1865 734 1910 concitatis.
755 1881 854 1910 cum
871 1865 959 1910 hoc
983 1874 1122 1910 totum
1145 1881 1221 1911 zos
1238 1867 1385 1929 potius
1403 1878 1528 1913 antea

145 1926 357 1981 feceritis?
374 1934 420 1980 Si
437 1925 549 1980 nihil
568 1928 753 1980 debent
743 1952 789 1980 m
802 1934 871 1980 his
889 1935 1026 1980 causis
1049 1937 1336 1999 Imperatores
1347 1939 1523 1998 jubere,

147 2005 181 2051 si
199 2004 252 2051 ad
268 1998 560 2082 Imperatores
583 2003 858 2050 Christianos
881 2004 979 2050 haec
998 2022 1090 2051 cur
1094 2026 1102 2050 ι
1117 2007 1332 2069 pertinere
1345 2024 1432 2054 non
1451 2008 1528 2054 de-

146 2076 222 2122 bet
228 2075 350 2139 ‚quis
363 2075 544 2136 urgebat
556 2092 738 2136 miJores
754 2086 915 2122 vestros
935 2093 1108 2122 effusam
1128 2077 1160 2121 C
1168 2077 1352 2124 aeciliani
1368 2079 1422 2125 ad
1439 2081 1529 2125 Im-

147 2156 392 2210 peratorem
410 2146 801 2210 perproconsulem
819 2147 1003 2202 mittere,
1022 2157 1063 2192 et
1086 2147 1344 2211 episcopum
1374 2160 1526 2196 contra

149 2229 280 2280 quern
308 2216 527 2262 absentem
562 2220 654 2276 jam
690 2217 918 2263 sententias
943 2233 1120 2280 quoquo
1145 2218 1275 2263 modo
1300 2218 1530 2276 dixeratis,

149 2289 307 2333 iterum
332 2286 452 2351 apud
475 2286 787 2350 Imperatorem
813 2305 1038 2342 accusare3
1062 2305 1149 2352 quo
1175 2289 1406 2336 innocente
1426 2308 1534 2354 pro-

149 2357 369 2413 nuntiato,
408 2356 648 2403 ordinatmi
680 2362 771 2418 eJ'us
797 2359 927 2404 Ielici
953 2358 1054 2404 alias
1073 2358 1190 2421 apud
1214 2360 1414 2406 eumdem
1441 2363 1534 2407 Im·

150 2438 393 2508 peratorern
435 2427 673 2474 calumnias
705 2428 974 2474 machinari
965 2431 984 2459 ’)
1017 2432 1073 2474 Et
1113 2446 1230 2475 nunc
1266 2431 1375 2495 quid
1417 2432 1534 2478 aliud

151 2509 283 2563 quam
297 2499 435 2563 ipsius
449 2487 625 2559 maj0ris
644 2499 920 2547 Constantini
935 2493 1158 2561 judicium
1176 2512 1328 2549 contra
1352 2514 1465 2551 vesti
1469 2521 1536 2550 am

199 2608 210 2632 ¹
231 2606 326 2643 MSS.
345 2616 534 2642 constanter
548 2609 684 2646 diurnis.
