1902 3268
352 243 442 297 946
774 256 807 283 s.
852 253 1094 283 Ateus'rm
1131 252 1335 282 EPISCOPI

358 332 499 367 autem
521 357 530 376 ,
559 319 660 365 dare
690 335 773 364 non
804 333 1046 381 possumus.
1074 317 1222 380 Neque
1246 316 1359 362 enim
1386 317 1496 362 sicut
1518 315 1624 361 falso
1647 331 1729 360 au-

357 392 532 438 dierunt
555 426 565 445 ,
604 408 625 435 a
654 389 873 435 decessore
898 396 991 433 me'o
1014 386 1161 433 relicta
1190 398 1251 433 est
1280 385 1470 434 ccclesiae
1488 424 1499 444 ,
1526 385 1599 432 sed
1620 385 1731 430 inter

356 461 535 524 antiqua
570 463 661 519 ejus
688 456 856 521 praedia
888 456 1161 520 possidetur,
1196 468 1236 503 et
1269 458 1462 522 antiquae
1505 456 1626 504 alteri
1655 471 1734 502 ec-

359 531 500 578 clesiae
533 529 594 575 sic
625 528 844 584 cohaeret,
877 526 1250 591 quemadmodum
1282 529 1363 575 ista
1395 529 1449 575 de
1475 546 1564 592 qua
1592 527 1735 588 agitur

360 599 497 647 alteri.

357 751 664 764 Ἇὶιῇινὶνιδινδ
670 750 912 763 Ἁτνὶὓιπῶνῐι
919 750 1034 762 vus-m
1043 749 1092 761 ιν
1105 749 1223 761 xxm-225
1229 749 1657 762 mtmwwmuznsm
1664 747 1719 764 Ν,

867 848 1131 893 EPISTOLA
1166 850 1197 893 C
1216 849 1246 892 ¹.

364 978 538 1018 Domino
558 978 704 1018 eximio
731 979 958 1031 meritoque
987 977 1218 1017 honorabili
1247 978 1531 1030 insigniterque
1553 975 1747 1016 laudabili

489 1040 571 1080 filio
590 1041 752 1079 Dextro
773 1042 854 1092 (38)
873 1070 883 1088 7
906 1041 1143 1079 Aucusnmm
1163 1041 1202 1078 in
1224 1040 1400 1079 Domino
1423 1041 1608 1080 salutem.

367 1163 645 1223 Augustinus
687 1163 862 1205 Donato
900 1163 1155 1219 proconsuli
1185 1164 1380 1221 Africae,
1415 1173 1462 1206 ut
1495 1162 1750 1206 Donatistas

788 1238 999 1279 coereeat,
1029 1247 1120 1274 ozon
1140 1232 1326 1273 occidat.

440 1372 475 1418 Ι.
504 1371 695 1418 Nouum
724 1369 904 1434 quidem
928 1369 971 1415 in
996 1369 1067 1416 his
1094 1369 1445 1416 afflictationibus
1471 1386 1558 1416 esse
1582 1368 1755 1417 Africa·-

377 1459 480 1490 nam
508 1441 734 1489 ecclesiam
761 1442 1067 1495 constitutam,
1107 1452 1155 1487 ut
1184 1452 1363 1487 terrenae
1388 1441 1504 1487 illius
1533 1441 1758 1505 potestatis

378 1514 589 1574 indigeret
619 1512 791 1561 auxilio,
820 1512 905 1558 Sed
930 1513 1032 1576 quia
1061 1512 1173 1558 sicut
1202 1512 1436 1575 Apostolus
1457 1511 1589 1569 dicit,
1621 1534 1642 1554 «
1659 1512 1760 1558 Non

381 1608 403 1629 >³
426 1595 488 1631 est
505 1594 694 1648 potestas
726 1583 808 1629 nisi
828 1602 850 1629 a
877 1583 1032 1629 Deo1:
1061 1604 1081 1624 u
1104 1583 1261 1646 procul
1290 1582 1429 1628 (lubio
1458 1599 1560 1628 cum
1585 1600 1661 1646 per
1685 1598 1763 1629 vos

381 1655 689 1702 sincerissimos
714 1653 958 1699 Catholicae
982 1653 1131 1698 matris
1169 1653 1279 1698 filios
1309 1653 1447 1699 eidem
1473 1653 1731 1699 subvenitur
1747 1689 1759 1710 ‚

385 1725 595 1773 auxilium
613 1734 810 1770 nostrum
832 1724 876 1770 in
897 1724 1071 1771 nomine
1092 1723 1270 1769 Domini
1288 1734 1367 1778 est,
1387 1724 1462 1786 qui
1482 1722 1584 1769 fecit
1602 1723 1766 1770 coelum

384 1808 427 1844 et
450 1808 605 1843 terram
649 1795 759 1852 Quis
782 1795 896 1841 enim
922 1813 1009 1841 non
1031 1795 1185 1840 sentiat
1210 1795 1254 1840 in
1275 1795 1403 1840 tantis
1419 1794 1542 1840 malis
1566 1812 1652 1840 non
1667 1811 1767 1858 par-

387 1885 488 1916 vam
516 1867 644 1913 nobis
667 1866 1004 1912 consolationem
1031 1866 1240 1913 divinitus
1265 1866 1437 1911 missam
1455 1903 1465 1920 ‚
1500 1883 1600 1911 cum
1634 1876 1678 1911 tu
1702 1864 1769 1911 vir

388 1939 484 1986 talis
503 1949 544 1984 et
569 1938 735 1983 Christi
756 1938 941 1982 nominis
959 1938 1296 1991 amantissimus,
1321 1936 1709 1999 proconsularibus
1727 1952 1769 1981 es

391 2008 654 2055 sublimatus
681 2006 940 2065 insignibus,
968 2017 1015 2052 ut
1036 2007 1092 2051 ab
1117 2007 1332 2052 sceleratis
1356 2018 1396 2051 et
1422 2007 1636 2066 sacrilegis
1661 2006 1772 2052 ausi-

393 2078 478 2124 bus
504 2077 702 2122 inimicos
740 2076 943 2121 Ecclesiae
969 2077 1099 2122 bonae
1130 2088 1216 2122 tuae
1244 2077 1462 2122 voluntati
1490 2088 1678 2140 potestas
1707 2093 1772 2122 so-

395 2150 508 2195 ciata
544 2148 794 2203 cohiberet,
837 2148 1014 2193 domine
1047 2149 1196 2193 eximie
1232 2148 1470 2211 meritoque
1504 2147 1775 2194 honorabilis

395 2218 709 2280 insigniterque
747 2217 981 2263 laudabilis
1008 2218 1100 2264 fili?
1130 2220 1326 2281 Denique
1352 2235 1488 2264 unum
1521 2219 1659 2265 solum
1684 2227 1772 2274 est,

399 2288 520 2353 quod
547 2288 592 2333 in
632 2299 704 2333 tua
737 2289 904 2348 justitia
941 2289 1316 2352 pertimescimus,
1354 2307 1407 2336 ne
1436 2288 1546 2335 forte
1568 2288 1777 2353 quoniam

400 2358 622 2424 quidquid
651 2359 754 2405 mali
778 2371 930 2407 contra
957 2361 1253 2407 Christianam
1282 2362 1530 2408 societatem
1557 2362 1612 2407 ab
1636 2359 1778 2406 homi-

400 2430 532 2476 nibus
555 2430 703 2493 impiis
732 2430 997 2496 ingratisque
1026 2432 1342 2490 committitur,
1382 2432 1580 2496 profecto
1607 2430 1779 2492 gravius

449 2531 458 2553 ¹
481 2529 569 2561 Alias
593 2539 717 2563 cxxvii.
750 2541 821 2573 quae
847 2538 952 2565 autem
977 2544 1037 2566 100
1065 2539 1154 2575 erat,
1178 2543 1264 2567 nunc
1292 2533 1368 2575 159.
1385 2522 1429 2559 s—
1447 2530 1571 2576 Scripta
1596 2530 1679 2564 circa
1695 2527 1780 2562 idem

402 2593 540 2631 tempus.
555 2602 599 2610 -··
616 2583 631 2608 ²
648 2588 741 2622 Rom.
758 2595 837 2631 xxxi,
864 2599 892 2622 1.
