1902 3268
326 269 419 331 390
748 289 780 315 s.
828 289 1070 322 AUGt'S'fflNl
1105 292 1308 322 misceri

327 359 458 404 tatem
473 352 643 408 metiri,
678 371 754 399 nce
793 357 979 417 speciem
1013 357 1197 415 fingere,
1229 374 1480 421 quanquam
1515 357 1701 404 sublime

324 421 516 481 cogitans
540 441 658 468 niens
678 424 869 469 humana
891 427 1106 473 sufficeret
1123 465 1133 481 ‚
1162 439 1305 473 tamen
1330 445 1414 474 csse
1436 428 1546 475 illud
1565 429 1700 493 quid-

321 491 427 546 dam
449 493 666 555 quidquid
695 504 754 540 cst
771 531 781 549 ‚
817 496 888 540 cui
925 496 1035 541 adsit
1059 497 1419 561 incomparabilis
1443 498 1605 557 forma,
1629 500 1701 545 in—

325 563 594 609 aestimabilis
630 565 942 627 pulchritudo,
976 584 1109 630 quam
1136 569 1264 614 etiam
1294 569 1542 615 carnalibus
1564 568 1730 617 oculis*

322 631 472 678 saltem
501 634 702 682 Christus
742 637 937 699 aspiciat.
979 640 1091 684 Cum
1135 656 1233 699 ergo
1266 639 1381 684 circa
1412 640 1542 684 finem
1569 641 1702 703 primi

322 701 451 760 libri,
490 704 603 751 sicut
639 707 795 770 procul
818 707 955 754 dubio
993 709 1235 755 meminisse
1259 709 1471 770 dignaris,
1521 710 1701 774 cupiens

321 777 612 838 comprobare
635 780 872 825 Dominum
904 780 1051 826 Jesum
1092 780 1349 837 Christum,
1379 780 1424 826 id
1453 792 1533 837 est,
1551 781 1700 827 homi-

318 863 416 891 nem
439 860 710 912 assumptum
731 888 741 907 ,
770 851 829 896 ita
863 851 1056 898 divinam
1089 852 1307 916 possidere
1342 853 1610 916 potentiam,
1653 864 1702 899 ut

318 919 497 965 materia
522 921 664 968 carnis
684 923 912 979 humanae,
935 941 1065 989 quam
1089 935 1334 989 susceperat
1354 963 1363 980 ‚
1396 936 1670 988 permaneret
1685 962 1696 982 ‚

316 1004 451 1051 quam
471 990 515 1035 in
541 990 623 1037 illis
647 992 886 1040 visceribus
903 996 983 1041 nisi
1009 996 1128 1042 aliud
1154 1012 1285 1060 quam
1305 996 1602 1042 infirmitatem
1625 1013 1701 1059 pe-

317 1059 421 1105 risse
453 1060 720 1119 docuissem,
750 1064 865 1110 illius
900 1066 1009 1111 mihi
1047 1066 1189 1112 nodus
1218 1066 1470 1130 quaestionis
1502 1066 1702 1126 objectus

318 1141 394 1178 est.
430 1132 503 1189 Si,
526 1134 670 1197 inquit
688 1171 699 1190 ‚
728 1136 863 1181 homo
895 1136 965 1182 itte
995 1155 1125 1201 quem
1147 1138 1378 1201 assumpsit
1400 1138 1602 1183 Christus
1619 1174 1630 1191 ‚
1656 1138 1703 1184 in

318 1202 460 1248 Deum
482 1222 627 1251 versus
653 1216 737 1263 est,
761 1225 861 1268 ergo
890 1207 1039 1254 localis
1065 1226 1152 1255 esse
1176 1226 1263 1254 non
1291 1208 1458 1255 debuit.
1490 1209 1583 1254 Cur
1603 1225 1703 1269 ergo

318 1287 418 1339 post
438 1280 793 1327 resurrectionem
827 1281 963 1327 dixit:
998 1282 1138 1328 «Noli
1178 1300 1244 1328 me
1283 1294 1481 1343 tangere,
1508 1281 1704 1328 nondum

311 1367 341 1398 ‚>›
358 1348 474 1395 enim
495 1351 669 1397 ascendi
695 1352 748 1399 ad
777 1353 952 1399 Patrem
978 1353 1189 1400 meumst?
1213 1375 1233 1395 »

387 1420 462 1468 IV.
505 1443 525 1462 «
561 1425 654 1483 Ego
691 1425 824 1484 igitur
865 1425 1092 1471 elaborans
1130 1427 1376 1490 approbare
1417 1426 1581 1489 ubique
1621 1441 1707 1471 esse

324 1490 552 1538 Christum
585 1495 747 1540 virtute
780 1513 867 1541 non
895 1513 1049 1559 opere,
1077 1497 1306 1543 divinitate
1337 1515 1425 1542 nou
1460 1513 1612 1553 carne3
1653 1495 1708 1541 de

317 1563 484 1609 unitate
519 1565 595 1611 Dei
633 1577 676 1611 et
710 1584 995 1629 personarum
1048 1569 1240 1615 trinitate
1282 1568 1538 1629 hujusmodi
1575 1567 1710 1613 verba

322 1635 593 1698 conscripsi:
646 1638 781 1693 Deus,
819 1638 1027 1702 inquam,
1070 1656 1182 1685 unus
1216 1650 1301 1695 est,
1332 1649 1373 1685 et
1397 1655 1593 1703 personae
1626 1649 1710 1684 tres

319 1716 433 1753 sunt.
465 1706 582 1753 Deus
606 1707 865 1754 indiscretus
900 1721 984 1767 est7
1016 1721 1057 1756 et
1080 1727 1277 1774 personae
1333 1709 1532 1756 discretae
1591 1720 1703 1756 sunt.

323 1778 440 1824 Deus
480 1778 595 1824 intra
631 1779 806 1835 omnia,
860 1790 975 1826 trans
1008 1782 1154 1827 onmia
1184 1792 1274 1837 est,
1313 1781 1468 1826 ultima
1502 1779 1707 1836 includit,

323 1850 467 1896 media
490 1851 675 1914 implet,
704 1868 873 1897 summa
899 1853 1190 1910 transcendit,
1219 1853 1333 1898 ultra
1359 1852 1557 1900 universa
1575 1862 1618 1897 et
1635 1868 1712 1915 per

328 1921 530 1967 universa
565 1922 865 1969 diffunditur:
900 1941 1100 1987 personae
1135 1935 1278 1970 autem
1314 1924 1399 1969 sibi
1435 1934 1709 1978 constantes,

328 1993 596 2056 proprietate
620 2006 921 2052 secernuntur,
939 2013 1028 2042 non
1043 1996 1298 2042 confusione
1321 1995 1570 2041 miscentur.
1599 1996 1714 2040 Deus

327 2079 568 2123 ergorunus
590 2066 653 2111 es‘t
671 2101 682 2122 ,
707 2075 750 2110 et
777 2066 942 2130 ubique
967 2077 1060 2121 est;
1086 2067 1189 2130 quia
1206 2077 1249 2112 et
1269 2065 1377 2111 alius
1405 2075 1567 2128 praeter
1586 2064 1715 2111 illum

331 2149 420 2179 non
443 2144 532 2191 est,
561 2145 604 2181 et
624 2135 748 2181 locus
787 2153 875 2182 non
906 2147 969 2183 est
1003 2154 1167 2184 vacuus
1197 2137 1276 2183 ubi
1304 2152 1390 2182 esse
1423 2136 1531 2182 alius
1557 2136 1708 2199 possit.

329 2204 465 2251 Plena
485 2216 588 2251 sunt
610 2207 701 2252 Deo
726 2207 872 2252 omnia
888 2243 899 2263 ‚
923 2218 965 2253 et
987 2220 1149 2272 praeter
1181 2209 1324 2254 Deum
1353 2206 1467 2252 nihil
1495 2217 1571 2253 est.
1600 2208 1717 2271 &Ipse

329 2287 393 2323 est
417 2277 464 2322 in
487 2277 643 2332 Patre,
664 2278 754 2340 ipse
776 2277 821 2323 in
843 2278 978 2336 Filio,
999 2280 1154 2343 ipsein
1176 2278 1347 2343 Spiritu
1365 2288 1517 2324 sancto
1538 2296 1549 2323 :
1570 2295 1621 2324 ac
1638 2295 1718 2342 per

331 2348 420 2394 hoc
439 2384 449 2403 ,
479 2348 610 2393 Pater
629 2358 671 2394 et
700 2348 830 2394 Filius
844 2386 854 2405 ‚
883 2359 926 2396 et
947 2350 1138 2414 Spiritus
1161 2360 1336 2397 sanctus
1356 2365 1444 2394 non
1467 2348 1614 2412 plures
1633 2349 1712 2405 dii,

330 2418 404 2466 sed
423 2420 516 2483 ipse
538 2435 648 2465 unus
669 2429 732 2464 est
753 2420 867 2466 Deus
887 2438 898 2465 :
925 2431 968 2466 et
989 2439 1075 2468 non
1093 2432 1156 2468 est
1174 2421 1266 2485 ipsc
1291 2421 1422 2465 Pater
1452 2420 1531 2483 qui
1551 2431 1615 2466 est
1641 2419 1716 2465 Fi-

328 2492 436 2547 lius,
457 2506 537 2536 nec
561 2489 696 2536 Filius
731 2491 808 2554 qni
841 2502 905 2537 est
941 2493 1133 2556 Spiritus
1167 2500 1356 2538 sanctus
1395 2490 1526 2536 Pater
1541 2491 1586 2536 in
1607 2490 1716 2537 Filio

328 2573 418 2620 est,
437 2560 575 2606 Filius
600 2560 646 2606 in
668 2562 797 2608 Patre
815 2599 827 2619 ,
855 2562 900 2609 in
931 2575 1118 2630 utmque
1149 2563 1338 2628 Spiritus
1368 2572 1543 2609 sanctus
1566 2578 1578 2609 z
1611 2561 1717 2625 quia

383 2646 580 2692 ¹Joan3xx,
602 2655 654 2682 17.
