1902 3268
596 271 806 301 lit’tst'OLA
842 272 1008 301 Lxxxu.
1436 258 1524 303 115

151 354 306 404 parum
322 336 432 383 mihi
456 335 568 382 visus
587 351 630 380 es
650 333 877 380 attendisse
896 354 907 389 ;
929 334 1016 380 imo
1029 351 1105 394 ego
1125 334 1300 381 fortasse
1320 354 1406 381 non
1429 337 1529 381 satis

150 407 238 456 hoc
259 407 486 472 explanare
505 405 737 470 potuerim.
770 405 920 468 Neque
940 405 1051 451 enim
1066 403 1152 450 hoc
1172 404 1269 450 ideo
1288 404 1388 462 dixi,
1410 404 1533 468 quod

150 477 492 527 misericorditer
525 477 599 523 illa
623 477 919 531 simulaverit3
967 476 1038 522 sed
1073 475 1175 540 quia
1202 476 1262 522 sic
1288 493 1375 521 non
1398 492 1446 521 ea
1473 475 1534 521 si-

154 549 356 606 mulavit,
402 565 502 613 quae
542 546 734 593 faciebat
773 546 927 593 similia
951 546 1134 603 Judaeis,
1164 545 1539 611 quemadmodum

153 637 233 668 nec
255 619 330 668 illa
353 637 452 685 quae
492 619 682 666 faciebat
707 618 862 665 similia
885 618 1086 679 gentibus
1103 655 1113 673 ‚
1155 635 1256 681 quae
1295 628 1339 664 tu
1361 633 1538 682 quoque

159 690 539 744 commemorasti3
562 703 691 754 atque
713 690 757 735 in
777 706 826 735 eo
849 707 932 743 me,
954 688 1073 753 quod
1096 705 1182 734 non
1198 688 1363 748 ingrate
1384 688 1537 743 fateor,

160 760 383 824 adJ'uvisti.
417 764 532 807 Cum
554 760 668 806 enim
702 760 839 805 abste
868 759 1116 823 quaesissem
1151 760 1196 804 in
1227 757 1409 822 epistola
1429 774 1540 811 mea,

153 831 378 897 quomodo
409 841 589 895 putetur
613 829 710 876 ideo
743 829 883 876 factus
903 828 1068 876 ,Iudaeis
1111 840 1318 893 tanquam
1347 826 1543 883 Judaeus,

154 902 260 973 quia
276 901 504 955 fallaciter
541 900 730 964 suscepit
778 910 1044 946 sacramenta
1071 899 1347 952 Judaeorum,
1372 914 1474 944 cum
1506 908 1548 942 et

163 973 369 1035 gentibus
389 984 595 1038 tanquam
617 971 787 1034 gentilis
805 972 946 1019 sactus
973 972 1044 1029 sit,
1068 990 1147 1019 nce
1185 982 1326 1017 tamen
1365 969 1553 1033 suscepit

161 1043 374 1091 fallaciter
389 1044 601 1091 sacrificia
624 1045 813 1105 gentium
835 1061 845 1088 ε
882 1055 924 1090 tu
953 1043 1232 1108 respondisti„
1255 1042 1299 1088 in
1315 1059 1364 1087 eo
1386 1039 1553 1086 sactum

163 1116 367 1177 gentibus
394 1126 597 1180 tanquam
630 1115 852 1175 gentilem,
878 1114 994 1179 quod
1015 1114 1289 1178 praeputium
1314 1111 1549 1176 1·eceperit;

162 1186 284 1253 quod
308 1186 603 1233 indifferenter
623 1186 865 1250 permiserit
890 1186 1002 1232 vesei
1038 1186 1147 1232 cibis
1167 1223 1176 1240 ‚
1203 1202 1311 1249 quos
1343 1183 1556 1229 danmant

167 1258 346 1306 Judaei:
377 1259 454 1304 uhi
487 1276 563 1318 ego
600 1276 751 1322 quaero
779 1269 924 1305 utrum
962 1270 1002 1304 et
1028 1259 1113 1304 hoc
1143 1256 1341 1303 simulate
1369 1254 1549 1301 fecerit:

173 1329 345 1393 quodsi
373 1329 730 1376 absurdissimum
763 1341 892 1394 atque
924 1329 1199 1375 falsissimum
1238 1338 1325 1382 (³813
1354 1327 1414 1372 sic
1454 1342 1554 1385 ergo

159 1411 204 1448 et
237 1400 331 1458 illa,
361 1400 407 1448 in
440 1401 603 1465 quibus
643 1401 901 1447 «ludaeorum
940 1399 1245 1447 consuetudini
1283 1397 1554 1457 congruebat

158 1471 367 1521 libertate
386 1471 623 1536 prudenti,
649 1489 736 1518 non
765 1472 1016 1518 necessitate
1045 1470 1214 1527 servili,
1250 1480 1324 1516 aut
1347 1467 1467 1532 quod
1494 1478 1556 1513 est

158 1538 398 1604 indignius,
422 1542 743 1610 dispensatione
761 1542 906 1589 fallaci
932 1542 1077 1607 potius
1098 1559 1229 1605 quam
1254 1538 1387 1585 fideli.

223 1614 411 1664 XXVII.
443 1613 662 1663 Fidelibus
681 1614 814 1671 enim,
833 1626 874 1661 et
892 1615 959 1671 iis,
984 1615 1058 1678 qui
1073 1621 1370 1673 cognoverunt
1385 1610 1547 1655 verita-

161 1695 268 1742 tem,
297 1684 411 1732 sicut
441 1685 533 1748 ipse
573 1695 752 1730 testatur
776 1686 881 1748 misi
908 1685 1013 1730 sorte
1034 1695 1074 1729 et
1101 1684 1173 1729 hie
1193 1682 1323 1745 fallio
1357 1702 1376 1721 α
1394 1680 1552 1726 Omnis

161 1777 182 1798 »
202 1766 399 1803 creatura
414 1755 495 1801 Dei
518 1755 633 1801 bona
663 1767 740 1812 est,
767 1767 808 1801 et
832 1755 944 1802 nihil
969 1754 1282 1815 abjiciendum,
1301 1750 1419 1816 quod
1448 1767 1550 1796 eum

161 1848 182 1870 >³
199 1827 432 1888 gratiarum
459 1827 630 1872 actione
648 1827 908 1892 accipiturl.
940 1850 958 1868 ›>
989 1829 1098 1887 Ergo
1125 1835 1167 1871 et
1194 1824 1274 1888 ipsi
1297 1822 1434 1869 Paulo
1459 1839 1546 1869 non

161 1897 273 1954 viro,
301 1913 451 1944 verum
471 1897 599 1943 etiam
624 1897 907 1962 dispensatori
930 1898 1109 1943 maxime
1137 1895 1272 1948 fideli„
1305 1911 1391 1939 non
1408 1892 1546 1938 solum

171 1967 401 2029 cognitori,
429 1968 711 2015 verumetiam
737 1968 905 2015 doctori
931 1968 1136 2022 veritatis,
1160 1966 1298 2012 omnis
1326 1965 1473 2028 utique
1499 1963 1545 2008 in

163 2039 275 2086 cibis
299 2049 496 2086 creatura
526 2039 604 2085 Dei
628 2057 715 2085 non
733 2040 948 2095 simulate,
977 2038 1049 2085 sed
1077 2038 1305 2084 verobona
1325 2041 1428 2082 erat.
1457 2037 1547 2080 (lur

162 2110 296 2170 igitur
307 2109 628 2161 nihilsimulate
641 2111 917 2175 suscipiendo
931 2127 1151 2157 sacrorum
1172 2108 1548 2154 caeremoniarum-

163 2198 255 2246 que·
268 2181 491 2242 gentilium
510 2219 521 2240 ‚
539 2181 611 2227 sed
633 2181 686 2228 de
705 2183 815 2229 cibis
841 2193 882 2228 et
906 2182 1124 2246 praeputio
1149 2197 1296 2227 verum
1325 2177 1547 2224 sentiendo

165 2269 216 2301 ac
235 2251 455 2310 docendo,
482 2262 627 2298 tamen
656 2263 862 2318 tanquam
889 2253 1057 2313 gentilis
1083 2252 1223 2298 faetus
1243 2262 1303 2295 est
1322 2249 1541 2310 gentibus„

165 2332 208 2369 et
230 2339 318 2369 non
334 2322 481 2386 potuit
496 2323 586 2368 fieri
609 2333 813 2388 tanquam
831 2324 1008 2370 Judaeus
1029 2322 1210 2378 ludaeis,
1238 2322 1316 2367 nisi
1337 2320 1546 2367 fallaciter

166 2391 443 2457 suscipiendo
461 2406 728 2440 sacramenta
752 2395 1008 2441 Jut'taeoram
1026 2399 1044 2439 ζ)
1066 2394 1156 2439 flur
1180 2393 1362 2438 oleastro
1389 2392 1545 2438 inserto

166 2463 350 2512 servavit
372 2463 703 2529 dispensationis
723 2483 916 2512 veracem
940 2464 1068 2511 sulem
1088 2485 1099 2519 3
1127 2475 1167 2511 et
1186 2464 1454 2511 naturalibus
1477 2483 1547 2511 ra-

168 2535 248 2582 mis
287 2553 373 2583 non
398 2547 545 2595 extra,
572 2537 646 2584 sed
681 2537 725 2583 in
757 2537 910 2584 arbore
934 2536 1199 2595 constitutis,
1244 2536 1386 2583 nescio
1426 2536 1546 2601 quod

216 2620 226 2644 ¹
251 2632 263 2652 ι
285 2621 369 2657 'siun
388 2632 429 2662 iv,
448 2628 479 2661 4.
602 2620 608 2626 '

1369 2676 1413 2721 ὃ.
