1902 3268
651 305 859 337 ErtsToLA
901 305 1048 337 cxxw.
1464 291 1546 348 ‘¹⁴4¹

243 373 341 420 Vll.
377 372 611 430 Quomodo
633 388 733 432 ergo
760 371 869 418 dicis
897 371 982 418 lnoc
1014 389 1084 418 eos
1126 370 1272 418 fecisse
1310 372 1558 436 turpissimo

179 443 376 508 appetitu
409 443 641 506 pecuniae'?
671 443 820 488 Primo
838 443 939 506 quia
977 441 1029 487 ad
1058 441 1248 505 plebem,
1272 458 1372 504 quae
1393 441 1559 487 clama-

180 514 257 561 bat
280 551 291 567 ‚
319 515 495 558 omniuo
521 530 605 559 nou
628 514 829 576 pertinet.
859 514 983 559 Sicut
1008 513 1121 559 enirn
1149 513 1272 575 plebs
1290 512 1557 572 'l'liagasten-

179 585 234 631 sis
251 584 304 629 de
331 584 409 631 luis,
442 602 540 647 qua*
564 584 806 629 contulistis
826 584 1030 630 Ecclesiae
1050 583 1352 643 Thagastensi.
1378 600 1464 627 non
1481 582 1557 627 lia-

179 655 254 701 bet
271 655 564 713 nhiguulium
587 655 690 700 boui
716 656 857 718 operis
875 655 1001 700 vestri
1022 675 1033 707 ;
1059 655 1118 699 sic
1137 665 1177 699 et
1196 653 1491 716 Hipponensis
1515 663 1558 697 et

182 726 415 786 cujuslibet
440 726 612 771 aluei-im
642 726 742 781 loci,
771 727 845 772 ubi
875 726 928 771 de
951 723 1452 786 mammonainiquitatis
1479 724 1562 768 Do-

183 797 287 842 mini
317 792 534 860 prae(:ept;i
559 796 729 851 fecistis,
763 797 824 841 vel
849 796 946 841 estis
969 796 1236 857 ubicumque
1253 794 1426 839 facturi.
1462 794 1557 838 Non

184 885 282 926 ergo
308 868 496 930 pupulus
531 880 577 913 ut
601 868 652 912 d<-
688 879 805 912 tauto
830 868 921 912 viro
957 865 1158 911 Ecclesiae
1197 865 1438 910 consuleret
1474 880 1562 908 suae

186 938 478 985 ardentissime
498 938 712 998 flagitans,
737 955 861 982 suum
889 937 1185 1000 pecuniarium
1213 935 1414 998 quaesivit
1437 952 1561 980 coin-

184 1010 361 1056 modum
381 1029 400 1054 a
419 1010 542 1055 vobis
558 1030 568 1064 ;
586 1010 657 1054 sed
675 1020 859 1055 vestrum
877 1009 1075 1072 pecuniae
1095 1018 1399 1070 contemptum
1414 1006 1560 1052 dilexit

186 1081 230 1127 in
258 1081 395 1126 vobis.
426 1080 533 1125 Nam
550 1081 637 1126 siin
665 1098 730 1126 me
751 1080 1007 1130 dilexerunt„
1029 1078 1145 1142 quod
1168 1078 1392 1124 audierant
1415 1077 1565 1140 paucis

188 1150 383 1210 agellulis
416 1151 605 1213 paternis
636 1151 895 1214 ‹stontemptis
914 1150 965 1196 ad
996 1151 1069 1195 Dei
1107 1150 1288 1194 liberam
1315 1149 1560 1193 servitutem

190 1239 257 1267 me
280 1221 408 1267 fuisse
427 1238 701 1268 conversum.
744 1238 881 1285 neque
902 1222 946 1266 in
978 1221 1063 1266 hoc
1084 1219 1332 1265 inviderunt
1362 1217 1566 1263 Ecclesiae

191 1291 490 1350 Tliagastensi,
529 1309 628 1355 quae
658 1291 842 1337 carnalis
877 1293 1016 1354 patria
1038 1308 1128 1336 mea
1152 1301 1235 1347 est;
1258 1289 1330 1335 sed
1349 1306 1449 1334 cum
1491 1287 1566 1333 illa

191 1361 440 1407 clericatum
464 1361 572 1407 mihi
591 1379 676 1407 non
700 1364 991 1426 imposuisset,
1017 1360 1193 1425 quando
1214 1359 1566 1425 potuerunt‚l1a-

190 1431 383 1477 bendum
408 1431 658 1478 invaserunt
681 1450 692 1477 :
714 1443 878 1496 quanto
892 1433 1142 1492 flagrantius
1159 1432 1203 1477 in
1223 1442 1368 1476 nostro
1386 1429 1569 1475 Piniano

193 1518 339 1573 amare
359 1513 598 1565 potuerunt
618 1513 781 1548 tantam
804 1503 955 1548 mundi
978 1503 1110 1562 liujus
1133 1501 1417 1565 cupiditatem
1434 1537 1444 1547 .
1469 1510 1570 1545 tan-

193 1584 257 1618 tas
274 1590 394 1636 opes,
422 1583 586 1619 tantam
612 1591 751 1637 spem,
779 1584 899 1619 tanta
935 1573 1212 1619 conversione
1235 1581 1482 1634 superatam
1504 1581 1572 1615 at·-

195 1661 280 1707 que
319 1645 530 1691 calcatam
550 1648 568 1690 ἷ)
590 1646 680 1705 Ego
713 1645 878 1709 quippe
902 1644 1142 1690 secundum
1192 1643 1429 1688 multorum
1467 1659 1566 1686 sen-

195 1731 289 1760 sum
315 1715 665 1778 comparantium
689 1716 936 1777 semetipsos
958 1714 1237 1777 sibimetipsis
1256 1750 1266 1764 ,
1294 1730 1382 1759 non
1403 1711 1573 1757 divitias

197 1785 419 1842 dimisisse,
441 1785 513 1831 sed
532 1786 582 1831 ad
595 1785 767 1832 divitias
787 1786 936 1832 videor
952 1786 1126 1832 venisse.
1144 1785 1221 1829 Vix
1236 1784 1349 1829 enim
1370 1782 1575 1842 vigesima

198 1855 415 1919 particula
437 1874 502 1902 res
520 1874 612 1902 mea
634 1868 816 1920 paterna
840 1857 1070 1902 existimari
1096 1866 1254 1919 potest,
1281 1856 1326 1900 in
1344 1870 1500 1916 compa
1511 1870 1572 1897 ra-

198 1926 316 1972 tione
331 1926 600 1990 praediorum
621 1927 844 1981 Ecclesiae,
872 1944 971 1991 quae,
997 1943 1115 1972 nunc
1136 1936 1185 1971 ut
1207 1925 1418 1970 Dominus
1435 1922 1574 1968 existi·

200 2013 296 2042 mor
322 1996 553 2059 possidere.
590 1998 641 2042 ln
662 1997 859 2060 qualibet
894 2007 1035 2042 autem
1058 1995 1245 2041 maxime
1272 1994 1573 2040 Africanarum

204 2065 516 2122 Ecclesiurum„
537 2067 612 2113 hic
636 2078 797 2121 noster,
821 2084 906 2113 non
925 2066 1024 2112 dico
1041 2066 1285 2129 presbyter,
1310 2064 1382 2109 sed
1406 2063 1578 2126 episco-

203 2153 287 2199 pus
309 2137 376 2192 sit,
403 2149 682 2201 comparatus
704 2138 897 2201 pristinis
935 2138 1096 2200 opibus
1119 2137 1206 2182 suis
1243 2135 1408 2181 etiamsi
1434 2134 1577 2179 animo

204 2205 468 2252 dominantis
488 2208 637 2268 egerit,
658 2208 963 2271 pauperrimus
982 2208 1075 2254 erit.
1101 2206 1241 2252 Multo
1258 2222 1358 2264 ergo
1373 2203 1581 2267 liquidius

205 2286 246 2321 et
263 2277 452 2322 securius
492 2280 533 2322 in
563 2277 647 2323 hoc
670 2289 839 2323 amatur
872 2278 1122 2323 Christiana
1146 2285 1400 2340 paupertas,
1427 2274 1470 2319 in
1493 2290 1580 2337 quo

205 2345 325 2392 nulla
351 2364 491 2393 rerum
512 2348 774 2412 ampliorum
806 2359 949 2412 pots-st
967 2348 1112 2411 putari
1135 2346 1368 2410 cupiditas.
1396 2345 1491 2391 Hoc
1511 2362 1581 2390 ac-

206 2415 353 2462 cendit
375 2418 540 2464 animos
565 2418 739 2483 populi,
774 2419 926 2465 hocin
960 2419 1078 2464 illam
1101 2416 1350 2474 violentiam
1384 2432 1583 2479 perseve-

205 2487 437 2534 rantissimi
461 2489 664 2536 clamoris
682 2490 826 2537 erexit.
855 2491 953 2535 Non
988 2506 1059 2535 eos
1077 2488 1218 2552 turpis
1243 2485 1585 2551 cupiditatisin-

207 2574 337 2622 super
349 2577 616 2609 accusemus,
636 2561 708 2608 sed
731 2562 863 2621 magis
879 2561 1044 2607 bonum
1059 2559 1180 2626 quod
1197 2557 1279 2623 ipsi
1294 2575 1383 2605 non
1402 2557 1584 2613 habent,

208 2628 355 2679 saltem
382 2632 422 2678 in
449 2631 540 2677 aliis
565 2631 739 2692 diligere
772 2633 860 2678 sine
884 2632 1064 2682 crimine
1105 2630 1422 2696 permittamus,
1474 2630 1584 2674 Nam
