1902 3268
278 252 369 298 360
701 264 735 294 s.
779 263 1022 296 uorsus-1
1061 265 1260 296 EPlscori

277 330 475 393 abripere
496 329 548 376 de
588 328 730 375 medio
766 329 1069 376 deliciosarum
1095 331 1425 395 inquisitionum
1461 342 1653 388 tuarum,

274 412 314 446 ct
337 401 584 465 constipare
609 400 718 445 inter
750 417 874 445 curas
909 418 1041 456 meas,
1074 412 1120 447 ut
1148 401 1213 448 vel
1243 402 1427 449 disceres
1459 421 1548 450 non
1571 420 1657 449 esse

273 471 457 518 inaniter
481 471 691 525 curiosus,
721 469 784 515 vel
805 471 1098 516 curiositatem
1120 483 1238 518 tuam
1269 473 1504 519 cibandam
1525 485 1656 538 atque

278 541 554 587 nutriendam
582 541 804 603 imponere
820 557 905 584 non
930 540 1106 586 auderes
1121 542 1178 586 eis
1197 559 1383 605 quorum
1403 546 1514 589 inter
1534 560 1660 589 curas

272 611 334 656 vel
371 611 554 655 maxima
585 627 689 655 cura
730 620 791 655 est
829 609 1063 672 reprimere
1099 628 1147 656 ac
1187 612 1400 658 refrenare
1447 614 1652 660 curiosos.

275 686 454 738 Quanto
478 680 590 727 enim
616 680 765 725 melius
786 717 795 728 .
823 691 1075 744 quantoque.
1099 681 1365 728 fructuosius
1382 721 1392 738 ,
1415 683 1449 729 si
1476 684 1521 729 111
1546 683 1661 729 dan-

281 754 346 798 dis
374 752 423 797 ad
448 762 486 796 te
514 751 610 797 ullis
629 751 782 797 litteris
806 762 977 814 tempus
1000 763 1128 814 atque
1146 769 1277 815 opera
1299 753 1587 817 impenditur,
1610 752 1664 799 ad

276 824 362 870 hoc
388 823 533 887 potius
554 822 841 885 impenditur,
867 832 911 866 ut
940 833 1180 868 resecentur
1206 841 1328 868 vanae
1354 834 1481 888 atque
1494 824 1666 869 fallaces

276 894 540 958 cupiditates
575 904 688 948 tuae,
717 909 814 956 quae
843 903 959 938 tanto
975 893 1110 952 magis
1127 893 1332 939 cavendae
1358 905 1476 951 sunt,
1501 904 1666 957 quanto

282 964 453 1010 facilius
478 962 724 1026 decipiunt,
758 963 900 1008 nescio
916 980 999 1025 qua
1018 964 1173 1009 umbra
1198 964 1432 1010 honestatis
1451 976 1490 1010 et
1509 965 1667 1010 libera-

280 1036 387 1081 lium
416 1033 661 1080 studiorum
688 1034 863 1079 nomine
887 1033 1039 1079 velatae
1072 1045 1202 1098 atque
1229 1035 1420 1099 palliatae
1443 1054 1452 1081 ε
1472 1053 1603 1100 quam
1621 1046 1670 1082 ut

280 1118 423 1152 nostro
446 1104 700 1160 ministerio,
725 1115 873 1167 atque,
902 1115 948 1150 ut
978 1105 1034 1149 ita
1052 1104 1250 1162 dixerim,
1279 1107 1496 1163 satellitio,
1518 1107 1563 1152 in
1587 1106 1672 1153 do-

276 1178 508 1232 minatum,
531 1193 618 1239 quo
639 1186 725 1221 tam
756 1176 915 1223 bonam
931 1187 1049 1221 tuam
1071 1187 1255 1221 mentem
1280 1187 1500 1240 premant,
1527 1178 1671 1224 vehe-

280 1259 469 1294 mentius
494 1257 748 1293 excltentur.

349 1320 404 1366 ll.
443 1320 553 1364 Ecce
583 1318 697 1364 enim
719 1327 783 1363 tot
803 1317 961 1378 dialogi
984 1310 1108 1368 lucti.
1138 1319 1170 1363 si
1197 1318 1251 1364 ad
1273 1318 1508 1365 vivendum
1536 1321 1668 1366 finem

283 1401 322 1436 et
337 1388 655 1454 capescendum
677 1388 874 1434 omnium
901 1388 1127 1434 actionum
1155 1399 1325 1434 tuarum
1349 1389 1462 1435 nihil
1485 1400 1523 1435 te
1543 1390 1675 1451 adju-

286 1471 463 1516 verunt,
492 1459 599 1523 quid
623 1471 824 1523 prosunt,
851 1459 922 1505 die
948 1460 1087 1505 mihi')
1120 1460 1230 1505 ‘Nam
1262 1460 1340 1505 uhi
1364 1462 1491 1506 finem
1511 1462 1676 1506 consti-

290 1532 420 1578 tueris
443 1532 574 1576 totius
602 1530 740 1592 hujus
757 1530 1078 1589 flagrantissimi
1098 1530 1229 1575 studii
1258 1530 1319 1575 tui
1340 1541 1379 1575 et
1405 1530 1485 1575 tibi
1508 1530 1677 1576 infruc-

290 1602 417 1657 tuosi,
443 1612 484 1646 et
526 1600 654 1646 nobis
673 1600 857 1657 molesti,
895 1601 1076 1664 epistola
1112 1612 1185 1646 tua
1228 1603 1328 1646 satis
1354 1601 1533 1647 indicas.
1563 1601 1676 1647 Cum

289 1673 401 1718 enim
428 1671 480 1717 de
506 1670 722 1716 solvendis
744 1671 1080 1734 quiestionihus.
1120 1688 1225 1734 quas
1259 1671 1425 1726 misisti,
1468 1670 1587 1734 apud
1611 1688 1679 1716 me

292 1762 368 1808 per
386 1743 550 1789 litteras
578 1753 807 1801 satageres,
840 1742 894 1787 ita
923 1742 1162 1805 scripsisti:
1186 1764 1202 1782 «
1227 1744 1399 1787 Possem
1426 1752 1486 1798 te,
1513 1742 1676 1805 inquis,

292 1815 391 1878 plus
422 1825 462 1860 et
493 1830 568 1878 per
590 1813 748 1858 multos
783 1813 942 1858 charos
978 1823 1076 1857 tuos
1100 1829 1302 1858 exorare:
1337 1811 1408 1858 sed
1441 1812 1543 1858 novi
1584 1812 1682 1857 ani-

295 1902 413 1932 mum
445 1897 588 1940 tuum,
610 1883 686 1948 qui
717 1901 800 1929 non
824 1885 963 1945 rogari
980 1883 1212 1940 desiderat,
1235 1883 1306 1929 sed
1334 1883 1538 1929 omnibus
1563 1900 1684 1947 prae-

291 1969 417 2013 stare,
437 1957 467 2002 si
489 1967 659 2001 tantum
684 1955 795 1999 absit
812 1955 933 2018 quod
948 1953 1144 2009 dedecet,
1171 1953 1290 2018 quod
1315 1954 1358 1999 in
1378 1953 1461 2000 hac
1488 1971 1532 1999 re
1552 1954 1686 2017 peni·

300 2040 368 2074 tus
403 2027 515 2074 1111111
553 2026 887 2080 estdedecoris3
935 2038 1077 2072 tamen
1117 2025 1430 2090 quodcumque
1454 2035 1540 2082 est,
1583 2035 1684 2089 peto

301 2109 480 2162 praestes
508 2097 781 2157 navigaturo,
811 2118 830 2138 »
874 2098 924 2142 In
951 2097 1019 2142 his
1043 2096 1187 2141 verbis
1208 2095 1404 2159 epistolae.
1443 2106 1529 2141 tuae
1571 2106 1686 2141 recte

307 2168 482 2232 quidem
511 2167 566 2213 de
587 2185 654 2212 me
672 2166 902 2224 existimas,
933 2166 1050 2232 quod
1073 2166 1277 2212 omnihus
1290 2182 1495 2230 praestare
1517 2164 1688 2211 deside--

306 2258 414 2295 rem,
442 2239 474 2285 si
495 2238 609 2284 absit
636 2238 755 2302 quod
786 2238 963 2284 dedecet
988 2237 1090 2284 :sed
1116 2239 1159 2283 in
1191 2238 1277 2283 hac
1306 2254 1349 2283 re
1371 2237 1482 2283 nihil
1502 2254 1588 2283 esse
1609 2236 1691 2282 de-

305 2310 476 2356 decoris
513 2326 599 2354 11011
620 2308 731 2354 1111111
750 2307 938 2356 videtur.
977 2310 1073 2355 Non
1092 2309 1204 2354 enim
1221 2307 1377 2353 decora
1402 2307 1530 2354 facies
1544 2323 1689 2354 rerum

300 2380 474 2440 attingit
493 2396 665 2425 sensum
692 2396 855 2436 meum,
879 2397 978 2426 cum
1002 2380 1145 2439 cogito
1181 2379 1436 2443 episcopum
1462 2379 1691 2425 ecclesias-

304 2452 399 2498 ticis
417 2451 532 2497 curis
550 2450 1014 2515 circumstrepentibus
1032 2450 1277 2496 districtum
1296 2462 1425 2514 atque
1437 2450 1690 2508 distentum,

300 2534 474 2587 repente
492 2522 613 2585 quasi
633 2522 1011 2568 obsurdescentem
1031 2522 1239 2568 cohihere
1253 2539 1293 2567 se
1311 2522 1367 2567 ab
1388 2521 1454 2567 his
1470 2522 1690 2579 omnibus,

304 2595 573 2657 dialogorum
614 2594 914 2640 'l'ulliauorum
947 2593 1289 2659 cpiaestiunculas
1322 2594 1396 2639 uni
1430 2592 1691 2639 scholastico
