1902 3268
342 263 423 318 ¹21¹!
737 280 770 308 s,
816 278 1061 310 Ancusrim
1099 279 1300 310 EPtSCOPI

331 360 420 390 non
444 355 615 410 potest,
643 344 724 391 nisi
749 353 798 390 ut
824 344 1091 408 apertissime
1115 344 1359 405 intelligant
1380 383 1390 402 ,
1422 346 1543 392 nullo
1581 345 1712 392 modo

333 432 410 461 nos
433 416 487 462 de
509 415 696 480 pecunia
727 426 917 474 satagere
952 415 997 460 in
1030 414 1190 461 talibus
1225 418 1380 463 causiS.
1421 416 1554 474 Quod
1591 417 1712 464 nullo

331 486 463 533 inodo
477 486 738 533 intellecturi
759 495 877 539 sunt,
895 485 975 530 nisi
992 485 1110 530 illam
1130 503 1238 542 rem,
1256 503 1387 550 quam
1403 504 1573 550 semper
1589 503 1712 550 pres-

330 558 475 620 byteri
499 575 585 603 esse
602 566 893 621 putaverunt,
921 572 1071 601 eorum
1093 556 1241 602 usibus
1261 557 1584 621 relinquamus3
1611 557 1713 622 quia

329 628 408 674 etsi
426 632 516 688 ejus
534 645 621 674 non
643 638 758 683 erat3
782 627 869 673 hoc
890 627 946 672 ab
965 626 1090 672 initio
1112 628 1217 672 scire
1233 627 1492 676 debuerant.

393 699 467 746 IV.
501 699 686 745 Videtur
710 698 856 762 itaque
881 697 991 744 mihi
1016 697 1114 743 heec
1136 698 1283 758 regula
1306 716 1393 745 esse
1412 700 1457 745 in
1479 699 1610 746 rebus
1628 699 1713 746 hu-

323 769 567 830 juscemodi
584 769 826 825 retinenda,
851 780 899 814 ut
916 767 1138 833 quidquid
1156 785 1205 814 eo
1220 772 1321 828 jure
1338 786 1426 833 quo
1446 770 1546 816 talia
1570 771 1713 834 possi-

328 841 503 898 dentur,
528 845 619 901 eJ‘us
656 841 786 888 suerit
801 878 811 897 ,
842 840 918 904 qui
946 840 1109 886 alicubi
1149 839 1331 886 clericus
1369 841 1617 900 ordinatur,
1657 842 1712 889 ad

328 930 422 959 eam
446 912 660 976 pertineat
685 911 922 957 Ecclesiam
960 911 1003 956 in
1027 928 1113 974 qua
1150 911 1390 959 ordinatur.
1426 913 1570 976 Usque
1607 911 1713 958 adeo

323 993 465 1029 autem
483 981 634 1028 eodem
648 985 746 1042 jure
766 981 1009 1046 presbyteri
1027 982 1240 1028 Honorati
1259 994 1322 1028 est
1345 982 1455 1028 illud
1477 982 1592 1029 unde
1610 983 1709 1043 agi-

330 1065 420 1110 tur,
450 1065 602 1100 utnon
627 1054 764 1100 solum
791 1053 897 1099 alibi
922 1052 1172 1109 ordinatus,
1195 1053 1266 1099 sed
1283 1054 1430 1100 adhuc
1448 1054 1492 1100 in
1514 1055 1714 1115 Thagas-

333 1126 440 1171 tensi
466 1125 728 1171 monasterio
752 1124 1014 1170 constitutus
1032 1161 1042 1179 ,
1068 1124 1101 1169 si
1127 1142 1171 1169 re
1190 1142 1267 1170 sua
1292 1143 1380 1171 non
1399 1125 1573 1172 vendita
1595 1162 1606 1181 ‚
1633 1141 1713 1172 nec

333 1214 411 1260 per
434 1195 703 1242 manifestam
735 1194 1014 1241 donationem
1040 1194 1083 1239 in
1106 1195 1356 1258 quempiam
1383 1195 1591 1241 translata
1612 1212 1714 1241 mo-

330 1277 513 1322 reretur,
541 1266 713 1312 nonnisi
743 1265 939 1311 haeredes
963 1268 1053 1325 ejus
1076 1266 1121 1310 in
1152 1283 1243 1311 eam
1267 1265 1566 1323 succederent,
1602 1267 1715 1312 sicut

332 1337 465 1383 frater
501 1336 753 1382 AEmilianus
789 1336 834 1381 in
866 1335 962 1381 illos
1000 1336 1176 1395 triginta
1199 1335 1359 1381 solidos
1381 1335 1503 1382 fratri
1536 1337 1714 1383 Privato

331 1407 548 1454 successit.
577 1407 685 1452 Haec
705 1424 805 1466 ergo
824 1417 922 1452 ante
937 1406 1225 1470 praecavenda
1245 1418 1369 1453 sunt:
1390 1408 1422 1453 si
1438 1419 1581 1454 autem
1602 1424 1714 1471 prae-

332 1489 459 1524 cauta
487 1495 572 1523 non
597 1477 759 1523 fuerint
775 1517 785 1534 ‚
812 1495 859 1523 ca
877 1482 978 1537 J'ura
1000 1478 1057 1524 eis
1081 1495 1246 1524 servare
1270 1490 1472 1542 oportet,
1491 1496 1590 1543 quae
1611 1478 1714 1524 tali-

333 1549 417 1594 bus
434 1548 648 1595 habendis
666 1549 732 1595 vel
758 1566 846 1595 non
872 1549 1090 1595 habendis
1113 1549 1352 1595 secundum
1380 1550 1549 1597 civilem
1575 1550 1713 1595 socie-

335 1629 463 1665 tatem
488 1630 589 1664 sunt
604 1619 801 1665 instituta
824 1638 834 1665 ε
857 1631 906 1665 ut
926 1621 983 1666 ab
1004 1621 1121 1666 omni
1137 1637 1224 1665 non
1245 1621 1387 1667 solum
1404 1639 1448 1667 re
1465 1659 1475 1677 ,
1497 1620 1713 1667 sedetiam

333 1689 474 1754 specie
500 1689 715 1749 maligna,
748 1702 961 1753 quantum
991 1708 1221 1755 possumus
1241 1729 1250 1744 ,
1289 1710 1364 1738 nos
1390 1693 1710 1746 abstineamus,

331 1771 373 1807 et
396 1760 559 1806 bonam
579 1760 739 1806 famam
760 1762 1056 1809 custodiamus
1070 1800 1080 1818 ,
1104 1763 1414 1827 dispensationi
1430 1775 1587 1809 nostrae
1605 1761 1715 1808 mul-

334 1844 427 1879 tum
463 1832 759 1881 necessariam.
793 1834 937 1890 Quam
972 1852 1073 1880 vero
1108 1835 1270 1898 species
1297 1835 1483 1895 maligna
1512 1835 1591 1890 sit,
1634 1833 1714 1880 ad-

331 1914 471 1951 vertat
484 1914 630 1950 sancta
648 1904 878 1968 prudentia
893 1916 979 1952 tua.
1000 1907 1188 1968 Excepta
1204 1905 1378 1950 illorum
1397 1905 1568 1951 tristitia
1581 1921 1715 1969 quam

331 1975 495 2037 experti
519 1991 667 2020 sumus
685 2011 696 2031 ,
724 1992 777 2020 ne
799 1975 907 2038 quid
923 1975 1031 2020 forte
1056 1976 1148 2039 ipse
1172 1975 1358 2031 fallerer,
1386 1977 1499 2022 sicut
1522 1977 1614 2021 fieri
1640 1992 1713 2020 so-

333 2046 419 2103 let,
456 2045 560 2091 dum
597 2046 642 2091 in
680 2047 934 2092 sententiam
960 2065 1098 2093 meam
1131 2048 1370 2111 proclivior
1398 2065 1519 2104 erro,
1543 2047 1717 2094 narravi

333 2134 506 2163 causam
527 2116 652 2163 fratri
672 2128 714 2163 et
745 2117 920 2177 collegae
946 2130 1095 2164 nostro
1121 2112 1396 2175 Samsuc‘i01,
1426 2119 1622 2165 nondum
1643 2118 1716 2164 di—

334 2206 433 2234 cens
450 2187 572 2252 quod
595 2187 705 2233 mihi
729 2188 860 2234 modo
877 2189 1066 2246 videtur,
1091 2190 1162 2235 sed
1183 2190 1292 2235 illud
1311 2190 1457 2253 potius
1476 2190 1716 2249 adjungens

333 2259 455 2325 quod
482 2260 655 2323 utrique
679 2270 874 2305 nostrum
896 2261 1034 2306 visum
1055 2263 1132 2317 sit,
1161 2278 1262 2306 cnm
1287 2261 1369 2306 illis
1390 2262 1678 2307 resisteremus
1701 2277 1711 2304 x

334 2331 613 2378 vehementer
644 2331 894 2387 exhorruit,
921 2342 961 2377 et
992 2332 1118 2377 nohis
1150 2332 1237 2377 hoc
1262 2333 1402 2378 visum
1428 2349 1514 2377 esse
1538 2331 1717 2376 miratus

336 2413 397 2448 est
421 2420 431 2446 :
455 2401 576 2447 nulla
610 2419 654 2448 re
679 2402 760 2448 alia
789 2413 1035 2466 permotus,
1068 2403 1147 2448 nisi
1172 2403 1265 2466 ipsa
1299 2403 1441 2466 specie
1475 2403 1593 2448 foeda
1627 2417 1715 2446 non

336 2483 481 2519 nostra
500 2510 511 2527 ‚
541 2472 613 2519 sed
635 2473 871 2533 cujuslibet
892 2473 977 2520 vita
1006 2491 1055 2520 ac
1081 2474 1276 2520 moribus
1299 2473 1610 2534 indignissima.

403 2545 453 2590 V.
484 2543 677 2590 Proinde
699 2545 880 2592 obsecro
901 2556 964 2603 te,
990 2556 1037 2591 ut
1058 2546 1294 2609 Epistolam
1317 2583 1327 2601 ‚
1355 2562 1486 2609 quam
1511 2545 1570 2590 eis
1588 2559 1712 2589 com-

385 2631 392 2653 ¹
418 2629 575 2673 Episcopo
590 2630 754 2661 Turrensi.
