1902 3268
685 253 899 287 1³1>1sromt
933 255 1061 289 cvm.
1477 244 1507 292 3
1518 259 1529 294 ι
1542 261 1571 309 9

191 333 264 364 ore
285 327 605 365 consueverunt
627 334 639 363 ε
677 337 698 359 «
719 317 790 364 Ab
812 334 924 381 aqua
958 317 1097 363 aliena
1121 316 1289 366 abstine
1319 319 1410 369 te1.
1442 344 1463 365 n
1483 323 1570 370 Sed

189 386 494 452 respondetur,
518 388 616 436 Non
640 398 703 434 est
732 405 844 453 aqua
873 387 1011 434 aliena
1035 388 1236 452 quamvis
1255 388 1306 436 sit
1330 389 1374 436 in
1394 391 1584 450 alienis3-

188 456 302 505 sicut
323 474 403 505 nec
433 474 545 523 aqua
576 457 650 505 illa
676 458 926 505 Maximiani
944 458 1049 515 fuit,
1076 458 1192 505 unde
1215 476 1290 507 vos
1312 477 1400 507 non
1428 461 1569 509 absti-

188 527 359 576 nuistis.
390 529 500 575 Item
537 528 801 594 proponitur
824 529 953 575 nobis
976 547 986 576 z
1013 551 1033 570 «
1060 530 1181 576 Facti
1204 542 1304 577 sunt
1326 532 1435 578 mihi
1453 532 1568 580 sicut

193 620 213 640 ›>
223 615 335 663 aqua
348 599 549 657 mendax,
564 617 652 646 non
666 599 832 646 habens
842 599 1010 648 fidem2.
1027 623 1047 642 >2
1060 599 1144 646 Sed
1156 601 1458 665 respondetur,
1471 603 1568 651 Hoc

190 669 358 721 dictum
386 681 449 719 est
470 671 524 718 de
550 671 662 718 fictis
685 671 939 718 hominibus
957 689 1045 717 non
1071 672 1391 734 pertinentibus
1408 674 1463 720 ad
1488 675 1569 726 Dei

189 751 480 799 sacramenta,
507 759 607 806 quae
625 759 703 788 nec
728 741 773 787 in
793 740 1077 787 mendacibus
1091 752 1274 804 possunt
1290 760 1376 789 esse
1395 745 1569 792 menda-

188 810 271 858 cia.
304 812 417 858 Nam
435 812 587 876 utique
611 810 838 858 mendaces
872 809 1078 867 fuerunt,
1105 812 1181 874 qui
1199 812 1487 871 Primianum,
1509 814 1569 861 si-

188 891 264 928 cut
286 881 371 946 ipsi
395 883 637 946 perhibetis
655 919 665 938 ‚
692 881 809 927 salsis
827 881 1088 928 criminibus
1115 881 1463 931 damnaverunt:
1491 902 1570 932 nec

189 961 333 998 tamen
350 970 462 1018 aqua
486 952 667 999 mendax
682 950 792 1008 fuit,
833 952 878 997 in
910 969 999 1015 qua
1037 953 1223 1016 separati
1265 972 1288 999 a
1312 956 1436 1002 vobis
1458 973 1568 1020 quos

186 1033 443 1086 potuerunt,
469 1022 820 1087 baptizaverunt.
846 1024 957 1069 Nam
977 1023 1155 1086 quando
1173 1041 1265 1070 eam
1289 1024 1334 1070 in
1354 1026 1439 1082 his,
1461 1044 1570 1090 quos

188 1091 431 1140 Felicianus
453 1103 495 1139 et
517 1095 802 1140 Praetextatus
820 1091 923 1138 foris
940 1093 1275 1157 baptizaverunt
1300 1096 1564 1159 suscepistis,

186 1163 285 1212 etin
307 1164 593 1211 mendacibus
613 1181 808 1212 veracem
827 1163 958 1211 fuisse
981 1165 1180 1213 sensistis.
1199 1166 1467 1230 Proponitur
1482 1186 1566 1214 no-

187 1233 256 1280 bis
279 1251 291 1282 ε
322 1254 344 1276 «
370 1235 461 1291 Qui
473 1234 725 1300 baptizatur
742 1252 764 1281 a
780 1245 974 1291 mortu0‚
990 1235 1100 1300 quid
1118 1236 1296 1299 prodest
1313 1237 1330 1266 ‘⁹'
1344 1236 1566 1286 lavacrum

187 1303 339 1366 ersl’P
363 1303 670 1368 Respondetur
691 1322 701 1350 :
730 1304 776 1351 Si
793 1304 811 1334 5
832 1307 919 1351 hoc
945 1304 999 1351 de
1017 1306 1238 1369 baptismo
1256 1308 1470 1371 scriptum
1489 1320 1565 1367 est,

186 1391 275 1440 quo
294 1375 523 1440 baptizant
538 1375 619 1432 illi,
642 1392 752 1439 quos
770 1386 978 1439 tanquam
996 1387 1191 1423 mortuos
1211 1379 1338 1437 ejecit
1358 1379 1566 1437 Ecclesia,

187 1462 276 1492 non
298 1445 406 1493 dixit
445 1446 533 1492 hoc
574 1445 798 1492 lavacrum
824 1462 913 1491 non
945 1462 1032 1492 esse
1051 1482 1063 1503 ‚
1104 1446 1178 1492 sed
1202 1446 1315 1493 nihil
1337 1448 1564 1511 prodesse3

188 1515 309 1580 quod
331 1526 374 1565 et
405 1533 483 1564 nos
509 1515 711 1564 dicimus.
742 1515 1050 1563 Verumtamen
1069 1516 1248 1580 quando
1280 1535 1382 1564 cum
1410 1518 1487 1565 illo
1511 1518 1568 1566 ad

189 1585 426 1636 Ecclesiam
439 1586 622 1642 venerit,
638 1585 759 1650 quod
777 1585 882 1633 foris
901 1586 1072 1644 oberat,
1092 1587 1212 1634 intus
1228 1587 1425 1652 proderit
1443 1606 1453 1634 :
1477 1605 1566 1636 non

187 1672 288 1703 eum
307 1657 400 1720 ipse
416 1656 628 1720 repetitur
652 1657 899 1719 baptismus
915 1692 927 1713 ,
951 1656 1025 1703 sed
1045 1673 1148 1703 cum
1164 1657 1397 1718 corrigitur
1413 1659 1566 1722 bapti-

186 1736 320 1774 zatus,
344 1727 469 1774 Sicut
482 1725 789 1773 Maximianum
803 1736 846 1772 et
860 1725 998 1772 socios
1014 1730 1123 1788 ejus,
1140 1737 1349 1791 tanquam
1370 1739 1567 1777 mortuos

190 1814 212 1842 a
240 1807 383 1843 vestra
413 1796 742 1857 congregatione
763 1833 773 1853 ‚
818 1797 1140 1843 communionis
1186 1801 1342 1856 ejectos
1370 1798 1568 1863 loquitur

188 1867 420 1928 Vaga'iense
447 1867 718 1913 concilium?
745 1888 764 1909 «
786 1867 988 1914 Veridica
1008 1868 1045 1925 6,
1070 1869 1233 1932 inquit,
1260 1868 1395 1926 unda,
1425 1870 1471 1915 in
1495 1888 1566 1916 as-

189 1958 211 1980 »
228 1954 355 2005 peros
395 1936 599 2002 scopulos
639 1936 953 1983 nonnullorum
992 1938 1203 1998 naufraga
1237 1942 1432 2002 projecta
1467 1952 1568 1987 sunt

189 2029 210 2050 >³
233 2007 446 2057 membra.
475 2006 781 2070 AEgyptiorum
799 2006 992 2071 quodam
1013 2007 1144 2053 modo
1158 2009 1353 2072 exemplo
1374 2027 1566 2072 pereun-

189 2098 211 2121 »
233 2078 343 2127 tium
367 2077 598 2126 funeribus
613 2076 743 2140 plena
764 2087 865 2123 sunt
879 2077 1045 2134 littora,
1068 2078 1230 2141 quibus
1250 2078 1297 2124 in
1317 2079 1411 2142 ipsa
1428 2092 1566 2127 morte

190 2168 211 2190 >³
231 2151 373 2208 maj0r
390 2158 452 2194 est
470 2163 623 2211 poena,
643 2163 731 2211 quo
768 2157 867 2210 post
901 2158 1114 2195 extortam
1152 2148 1275 2211 aquis
1296 2149 1529 2196 ultricibus
1545 2150 1563 2180 ⁷

191 2238 211 2260 >³
235 2217 444 2274 animam,
486 2233 565 2263 nec
599 2216 740 2279 ipsam
774 2217 1004 2264 inveniunt
1035 2217 1359 2281 sepulturam.»
1396 2220 1458 2264 Ex
1480 2220 1565 2268 hac

189 2288 321 2336 turba
333 2298 626 2344 mortuorum,
641 2304 775 2352 quare
791 2288 1089 2335 reviviscentes
1108 2288 1373 2336 Felicianum
1389 2300 1431 2335 et
1445 2291 1566 2338 Prae-

189 2368 417 2416 textaturn,
448 2359 494 2406 in
524 2357 610 2404 suis
629 2357 872 2405 honoribus
896 2358 1170 2422 suscepisti8‚
1194 2368 1234 2405 et
1258 2359 1315 2405 ab
1338 2360 1396 2407 eis
1420 2361 1467 2408 in
1488 2361 1564 2412 illa

238 2475 249 2498 ¹
267 2478 363 2509 Prov.
379 2484 426 2512 xx,
444 2474 501 2505 18.
519 2491 561 2498 --
586 2470 602 2493 2
626 2474 748 2505 Jerem.
768 2482 822 2512 xv,
841 2473 893 2503 18.
915 2490 959 2496 —
985 2469 1000 2494 3
1025 2472 1123 2506 Eccli.
1144 2482 1255 2512 xxxxv,
1276 2475 1332 2508 30.
1349 2492 1390 2499 —-
1409 2473 1424 2498 ⁴
1441 2478 1504 2508 Lo.»
1521 2482 1568 2510 est

189 2541 258 2575 per,
275 2547 322 2556 ...
334 2527 349 2554 5
361 2529 414 2564 [ά.
430 2527 502 2562 sed,
519 2546 559 2552 -
578 2523 593 2549 ⁶
606 2527 692 2559 Vide
706 2526 764 2562 lib.
786 2533 818 2567 4.
835 2533 923 2565 com.
947 2529 1116 2564 Cresconc.
1131 2539 1162 2566 c.
1185 2530 1226 2562 31
1243 2534 1275 2563 et
1290 2528 1348 2565 lib.
1362 2536 1396 2568 4.
1409 2541 1441 2570 c.
1461 2533 1565 2570 16.-

188 2586 203 2613 ⁰1
219 2590 296 2624 ιον.
316 2588 450 2631 ejectam
466 2583 721 2629 aquiultricibus.
