<?xml version="1.0" encoding="UTF-8"?>
<!DOCTYPE html PUBLIC "-//W3C//DTD XHTML 1.0 Transitional//EN"
    "http://www.w3.org/TR/xhtml1/DTD/xhtml1-transitional.dtd">
<html xmlns="http://www.w3.org/1999/xhtml" xml:lang="en" lang="en">
 <head>
  <title>
</title>
<meta http-equiv="Content-Type" content="text/html;charset=utf-8" />
  <meta name='ocr-system' content='tesseract 3.04.00' />
  <meta name='ocr-capabilities' content='ocr_page ocr_carea ocr_par ocr_line ocrx_word'/>
</head>
<body>
  <div class='ocr_page' id='page_1' title='image "./operaomniaaccura39auguuoft/operaomniaaccura39auguuoft_0111.png"; bbox 0 0 1902 3268; ppageno 0'>
   <div class='ocr_carea' id='block_1_1' title="bbox 638 275 1525 310">
    <p class='ocr_par' dir='ltr' id='par_1_1' title="bbox 638 275 1525 310">
     <span class='ocr_line' id='line_1_1' title="bbox 638 275 1525 310; baseline 0.003 -3"><span class='ocrx_word' id='word_1_1' title='bbox 638 275 850 307; x_wconf 81' lang='lat' dir='ltr'><strong>EPISTOLA</strong></span> <span class='ocrx_word' id='word_1_2' title='bbox 885 275 1052 306; x_wconf 83' lang='lat' dir='ltr'>Lxxxll.</span> <span class='ocrx_word' id='word_1_3' title='bbox 1449 281 1525 310; x_wconf 80' lang='lat'>101</span> 
     </span>
    </p>
   </div>
   <div class='ocr_carea' id='block_1_2' title="bbox 145 339 1536 2589">
    <p class='ocr_par' dir='ltr' id='par_1_2' title="bbox 145 339 1536 2589">
     <span class='ocr_line' id='line_1_2' title="bbox 169 339 1532 405; baseline 0.005 -21"><span class='ocrx_word' id='word_1_4' title='bbox 169 363 190 384; x_wconf 83' lang='lat'>›&gt;</span> <span class='ocrx_word' id='word_1_5' title='bbox 204 343 306 388; x_wconf 88' lang='lat' dir='ltr'>bere</span> <span class='ocrx_word' id='word_1_6' title='bbox 327 339 640 388; x_wconf 83' lang='lat' dir='ltr'>circumcidere</span> <span class='ocrx_word' id='word_1_7' title='bbox 662 358 731 387; x_wconf 86' lang='lat' dir='ltr'>eos</span> <span class='ocrx_word' id='word_1_8' title='bbox 744 341 854 386; x_wconf 86' lang='lat' dir='ltr'>filios</span> <span class='ocrx_word' id='word_1_9' title='bbox 871 358 985 397; x_wconf 70' lang='lat' dir='ltr'>suos,</span> <span class='ocrx_word' id='word_1_10' title='bbox 1003 358 1142 405; x_wconf 88' lang='lat' dir='ltr'>neque</span> <span class='ocrx_word' id='word_1_11' title='bbox 1161 344 1398 390; x_wconf 88' lang='lat' dir='ltr'>secundum</span> <span class='ocrx_word' id='word_1_12' title='bbox 1421 363 1532 391; x_wconf 91' lang='lat' dir='ltr'>con-</span> 
     </span>
     <span class='ocr_line' id='line_1_3' title="bbox 167 410 1534 478; baseline 0.005 -25"><span class='ocrx_word' id='word_1_13' title='bbox 167 432 188 453; x_wconf 85' lang='lat'>»</span> <span class='ocrx_word' id='word_1_14' title='bbox 206 410 474 458; x_wconf 85' lang='lat' dir='ltr'><strong>suetudinem</strong></span> <span class='ocrx_word' id='word_1_15' title='bbox 512 410 693 470; x_wconf 83' lang='lat' dir='ltr'><strong>ingredi.</strong></span> <span class='ocrx_word' id='word_1_16' title='bbox 734 411 853 468; x_wconf 85' lang='lat' dir='ltr'>Quid</span> <span class='ocrx_word' id='word_1_17' title='bbox 888 428 987 470; x_wconf 83' lang='lat' dir='ltr'>ergo</span> <span class='ocrx_word' id='word_1_18' title='bbox 1030 422 1091 457; x_wconf 90' lang='lat' dir='ltr'>est</span> <span class='ocrx_word' id='word_1_19' title='bbox 1111 416 1128 458; x_wconf 65' lang='lat'><strong>9</strong></span> <span class='ocrx_word' id='word_1_20' title='bbox 1169 413 1326 477; x_wconf 84' lang='lat' dir='ltr'>Utique</span> <span class='ocrx_word' id='word_1_21' title='bbox 1362 427 1534 478; x_wconf 86' lang='lat' dir='ltr'>oportet</span> 
     </span>
     <span class='ocr_line' id='line_1_4' title="bbox 165 480 1532 548; baseline 0.005 -24"><span class='ocrx_word' id='word_1_22' title='bbox 165 502 188 525; x_wconf 85' lang='lat'>&gt;)</span> <span class='ocrx_word' id='word_1_23' title='bbox 206 482 435 529; x_wconf 87' lang='lat' dir='ltr'>convenire</span> <span class='ocrx_word' id='word_1_24' title='bbox 456 480 779 527; x_wconf 82' lang='lat' dir='ltr'>multitudinem</span> <span class='ocrx_word' id='word_1_25' title='bbox 814 499 825 527; x_wconf 71' lang='grc' dir='ltr'><strong><em>ε</em></strong></span> <span class='ocrx_word' id='word_1_26' title='bbox 865 482 1094 528; x_wconf 88' lang='lat' dir='ltr'>audierunt</span> <span class='ocrx_word' id='word_1_27' title='bbox 1118 484 1233 529; x_wconf 88' lang='lat' dir='ltr'>enim</span> <span class='ocrx_word' id='word_1_28' title='bbox 1262 495 1302 530; x_wconf 89' lang='lat' dir='ltr'>te</span> <span class='ocrx_word' id='word_1_29' title='bbox 1322 502 1532 548; x_wconf 86' lang='lat' dir='ltr'>superve-</span> 
     </span>
     <span class='ocr_line' id='line_1_5' title="bbox 165 550 1533 616; baseline 0.005 -21"><span class='ocrx_word' id='word_1_30' title='bbox 165 573 187 595; x_wconf 87' lang='lat'>›&gt;</span> <span class='ocrx_word' id='word_1_31' title='bbox 201 553 343 600; x_wconf 73' lang='lat' dir='ltr'>nisset</span> <span class='ocrx_word' id='word_1_32' title='bbox 368 553 456 598; x_wconf 90' lang='lat' dir='ltr'>hoc</span> <span class='ocrx_word' id='word_1_33' title='bbox 477 568 578 612; x_wconf 87' lang='lat' dir='ltr'>ergo</span> <span class='ocrx_word' id='word_1_34' title='bbox 612 550 701 608; x_wconf 82' lang='lat' dir='ltr'>fac,</span> <span class='ocrx_word' id='word_1_35' title='bbox 729 552 848 616; x_wconf 91' lang='lat' dir='ltr'>quod</span> <span class='ocrx_word' id='word_1_36' title='bbox 883 553 965 598; x_wconf 86' lang='lat' dir='ltr'>tibi</span> <span class='ocrx_word' id='word_1_37' title='bbox 1000 553 1199 600; x_wconf 78' lang='lat' dir='ltr'>dicimus.</span> <span class='ocrx_word' id='word_1_38' title='bbox 1255 556 1366 601; x_wconf 87' lang='lat' dir='ltr'>Sunt</span> <span class='ocrx_word' id='word_1_39' title='bbox 1407 556 1533 602; x_wconf 88' lang='lat' dir='ltr'>nobis</span> 
     </span>
     <span class='ocr_line' id='line_1_6' title="bbox 163 624 1534 690; baseline 0.001 -19"><span class='ocrx_word' id='word_1_40' title='bbox 163 644 186 666; x_wconf 77' lang='lat'>³&gt;</span> <span class='ocrx_word' id='word_1_41' title='bbox 211 624 294 671; x_wconf 87' lang='lat' dir='ltr'>viri</span> <span class='ocrx_word' id='word_1_42' title='bbox 330 634 518 688; x_wconf 86' lang='lat' dir='ltr'>quatuor</span> <span class='ocrx_word' id='word_1_43' title='bbox 558 634 711 670; x_wconf 88' lang='lat' dir='ltr'>votum</span> <span class='ocrx_word' id='word_1_44' title='bbox 745 624 955 669; x_wconf 90' lang='lat' dir='ltr'>habentes</span> <span class='ocrx_word' id='word_1_45' title='bbox 971 641 1100 687; x_wconf 91' lang='lat' dir='ltr'>super</span> <span class='ocrx_word' id='word_1_46' title='bbox 1123 642 1189 681; x_wconf 81' lang='lat' dir='ltr'>se,</span> <span class='ocrx_word' id='word_1_47' title='bbox 1229 625 1297 672; x_wconf 92' lang='lat' dir='ltr'>his</span> <span class='ocrx_word' id='word_1_48' title='bbox 1334 644 1534 690; x_wconf 83' lang='lat' dir='ltr'>assump-</span> 
     </span>
     <span class='ocr_line' id='line_1_7' title="bbox 163 693 1530 757; baseline 0.005 -21"><span class='ocrx_word' id='word_1_49' title='bbox 163 694 257 740; x_wconf 85' lang='lat' dir='ltr'>»tis</span> <span class='ocrx_word' id='word_1_50' title='bbox 273 731 285 751; x_wconf 87' lang='lat'>,</span> <span class='ocrx_word' id='word_1_51' title='bbox 317 694 538 740; x_wconf 86' lang='lat' dir='ltr'>sanctifica</span> <span class='ocrx_word' id='word_1_52' title='bbox 566 703 605 739; x_wconf 90' lang='lat' dir='ltr'>te</span> <span class='ocrx_word' id='word_1_53' title='bbox 627 710 728 738; x_wconf 90' lang='lat' dir='ltr'>cum</span> <span class='ocrx_word' id='word_1_54' title='bbox 748 693 852 756; x_wconf 89' lang='lat' dir='ltr'>ipsis</span> <span class='ocrx_word' id='word_1_55' title='bbox 875 731 886 749; x_wconf 79' lang='grc'><strong><em>,</em></strong></span> <span class='ocrx_word' id='word_1_56' title='bbox 923 703 965 738; x_wconf 86' lang='lat' dir='ltr'>et</span> <span class='ocrx_word' id='word_1_57' title='bbox 990 694 1194 757; x_wconf 84' lang='lat' dir='ltr'>impende</span> <span class='ocrx_word' id='word_1_58' title='bbox 1222 695 1266 741; x_wconf 93' lang='lat' dir='ltr'>in</span> <span class='ocrx_word' id='word_1_59' title='bbox 1293 713 1363 742; x_wconf 87' lang='lat' dir='ltr'>eos</span> <span class='ocrx_word' id='word_1_60' title='bbox 1385 708 1433 742; x_wconf 92' lang='lat' dir='ltr'>ut</span> <span class='ocrx_word' id='word_1_61' title='bbox 1456 715 1530 742; x_wconf 87' lang='lat' dir='ltr'>ra-</span> 
     </span>
     <span class='ocr_line' id='line_1_8' title="bbox 162 764 1534 828; baseline 0.004 -21"><span class='ocrx_word' id='word_1_62' title='bbox 162 786 184 808; x_wconf 81' lang='lat'>»</span> <span class='ocrx_word' id='word_1_63' title='bbox 205 764 313 811; x_wconf 90' lang='lat' dir='ltr'>dant</span> <span class='ocrx_word' id='word_1_64' title='bbox 336 766 511 828; x_wconf 85' lang='lat' dir='ltr'>capita:</span> <span class='ocrx_word' id='word_1_65' title='bbox 550 775 593 809; x_wconf 87' lang='lat' dir='ltr'>et</span> <span class='ocrx_word' id='word_1_66' title='bbox 618 764 751 810; x_wconf 87' lang='lat' dir='ltr'>scient</span> <span class='ocrx_word' id='word_1_67' title='bbox 774 781 920 810; x_wconf 89' lang='lat' dir='ltr'>omnes</span> <span class='ocrx_word' id='word_1_68' title='bbox 938 801 949 820; x_wconf 87' lang='grc'>,</span> <span class='ocrx_word' id='word_1_69' title='bbox 975 765 1079 827; x_wconf 89' lang='lat' dir='ltr'>quia</span> <span class='ocrx_word' id='word_1_70' title='bbox 1112 782 1210 827; x_wconf 79' lang='lat' dir='ltr'>quae</span> <span class='ocrx_word' id='word_1_71' title='bbox 1238 765 1291 811; x_wconf 90' lang='lat' dir='ltr'>de</span> <span class='ocrx_word' id='word_1_72' title='bbox 1311 776 1351 812; x_wconf 87' lang='lat' dir='ltr'>te</span> <span class='ocrx_word' id='word_1_73' title='bbox 1382 767 1534 814; x_wconf 86' lang='lat' dir='ltr'>audie-</span> 
     </span>
     <span class='ocr_line' id='line_1_9' title="bbox 160 833 1526 898; baseline 0.004 -20"><span class='ocrx_word' id='word_1_74' title='bbox 160 855 183 878; x_wconf 87' lang='lat'>»</span> <span class='ocrx_word' id='word_1_75' title='bbox 202 846 323 892; x_wconf 85' lang='lat' dir='ltr'>runt,</span> <span class='ocrx_word' id='word_1_76' title='bbox 337 835 442 882; x_wconf 87' lang='lat' dir='ltr'>falsa</span> <span class='ocrx_word' id='word_1_77' title='bbox 458 844 558 881; x_wconf 90' lang='lat' dir='ltr'>sunt</span> <span class='ocrx_word' id='word_1_78' title='bbox 576 855 586 890; x_wconf 93' lang='grc'><strong>;</strong></span> <span class='ocrx_word' id='word_1_79' title='bbox 609 833 682 879; x_wconf 91' lang='lat' dir='ltr'>sed</span> <span class='ocrx_word' id='word_1_80' title='bbox 706 835 892 897; x_wconf 80' lang='lat' dir='ltr'>sequeris</span> <span class='ocrx_word' id='word_1_81' title='bbox 905 845 946 880; x_wconf 88' lang='lat' dir='ltr'>et</span> <span class='ocrx_word' id='word_1_82' title='bbox 960 835 1067 898; x_wconf 80' lang='lat' dir='ltr'>ipse,</span> <span class='ocrx_word' id='word_1_83' title='bbox 1093 835 1339 882; x_wconf 88' lang='lat' dir='ltr'>custodiens</span> <span class='ocrx_word' id='word_1_84' title='bbox 1356 838 1526 897; x_wconf 83' lang='lat' dir='ltr'>Legem.</span> 
     </span>
     <span class='ocr_line' id='line_1_10' title="bbox 161 905 1528 968; baseline 0.003 -19"><span class='ocrx_word' id='word_1_85' title='bbox 161 927 184 949; x_wconf 83' lang='lat'>»</span> <span class='ocrx_word' id='word_1_86' title='bbox 207 908 272 954; x_wconf 89' lang='lat' dir='ltr'>De</span> <span class='ocrx_word' id='word_1_87' title='bbox 291 906 490 967; x_wconf 86' lang='lat' dir='ltr'>gentibus</span> <span class='ocrx_word' id='word_1_88' title='bbox 511 916 653 951; x_wconf 86' lang='lat' dir='ltr'>autem</span> <span class='ocrx_word' id='word_1_89' title='bbox 679 906 754 968; x_wconf 89' lang='lat' dir='ltr'>qui</span> <span class='ocrx_word' id='word_1_90' title='bbox 773 905 1069 962; x_wconf 80' lang='lat' dir='ltr'>crediderunt,</span> <span class='ocrx_word' id='word_1_91' title='bbox 1096 923 1173 952; x_wconf 86' lang='lat' dir='ltr'>nos</span> <span class='ocrx_word' id='word_1_92' title='bbox 1196 907 1500 954; x_wconf 81' lang='lat' dir='ltr'>mandavimus</span> <span class='ocrx_word' id='word_1_93' title='bbox 1519 946 1528 963; x_wconf 86' lang='lat'><strong>‚</strong></span> 
     </span>
     <span class='ocr_line' id='line_1_11' title="bbox 160 975 1536 1037; baseline 0.004 -19"><span class='ocrx_word' id='word_1_94' title='bbox 160 998 181 1019; x_wconf 89' lang='grc'>»</span> <span class='ocrx_word' id='word_1_95' title='bbox 197 977 446 1037; x_wconf 77' lang='lat' dir='ltr'>Judicantes</span> <span class='ocrx_word' id='word_1_96' title='bbox 465 975 579 1021; x_wconf 88' lang='lat' dir='ltr'>nihil</span> <span class='ocrx_word' id='word_1_97' title='bbox 595 975 805 1036; x_wconf 72' lang='lat' dir='ltr'>eiusmodi</span> <span class='ocrx_word' id='word_1_98' title='bbox 816 994 982 1023; x_wconf 89' lang='lat' dir='ltr'>servare</span> <span class='ocrx_word' id='word_1_99' title='bbox 995 976 1092 1022; x_wconf 91' lang='lat' dir='ltr'>illos</span> <span class='ocrx_word' id='word_1_100' title='bbox 1104 977 1186 1023; x_wconf 90' lang='lat' dir='ltr'>nisi</span> <span class='ocrx_word' id='word_1_101' title='bbox 1200 988 1297 1023; x_wconf 88' lang='lat' dir='ltr'>utse</span> <span class='ocrx_word' id='word_1_102' title='bbox 1308 979 1536 1025; x_wconf 81' lang='lat' dir='ltr'>observent</span> 
     </span>
     <span class='ocr_line' id='line_1_12' title="bbox 159 1046 1527 1108; baseline 0.001 -15"><span class='ocrx_word' id='word_1_103' title='bbox 159 1069 182 1090; x_wconf 85' lang='grc'>»</span> <span class='ocrx_word' id='word_1_104' title='bbox 205 1047 262 1093; x_wconf 88' lang='lat' dir='ltr'>ab</span> <span class='ocrx_word' id='word_1_105' title='bbox 294 1046 420 1093; x_wconf 90' lang='lat' dir='ltr'>idolis</span> <span class='ocrx_word' id='word_1_106' title='bbox 443 1046 689 1104; x_wconf 83' lang='lat' dir='ltr'>immolato,</span> <span class='ocrx_word' id='word_1_107' title='bbox 716 1057 756 1092; x_wconf 88' lang='lat' dir='ltr'>et</span> <span class='ocrx_word' id='word_1_108' title='bbox 774 1048 981 1108; x_wconf 85' lang='lat' dir='ltr'>sanguine</span> <span class='ocrx_word' id='word_1_109' title='bbox 997 1085 1007 1103; x_wconf 86' lang='lat'>‚</span> <span class='ocrx_word' id='word_1_110' title='bbox 1039 1058 1080 1093; x_wconf 90' lang='lat' dir='ltr'>et</span> <span class='ocrx_word' id='word_1_111' title='bbox 1109 1066 1132 1093; x_wconf 88' lang='lat' dir='ltr'>a</span> <span class='ocrx_word' id='word_1_112' title='bbox 1156 1048 1486 1096; x_wconf 78' lang='lat' dir='ltr'>fornicatione1.</span> <span class='ocrx_word' id='word_1_113' title='bbox 1506 1071 1527 1091; x_wconf 90' lang='lat'>»</span> 
     </span>
     <span class='ocr_line' id='line_1_13' title="bbox 159 1117 1535 1181; baseline 0.001 -17"><span class='ocrx_word' id='word_1_114' title='bbox 159 1119 259 1164; x_wconf 91' lang='lat' dir='ltr'>Non</span> <span class='ocrx_word' id='word_1_115' title='bbox 272 1117 459 1181; x_wconf 86' lang='lat' dir='ltr'>opinor,</span> <span class='ocrx_word' id='word_1_116' title='bbox 486 1117 725 1163; x_wconf 87' lang='lat' dir='ltr'>obscurum</span> <span class='ocrx_word' id='word_1_117' title='bbox 752 1129 814 1164; x_wconf 89' lang='lat' dir='ltr'>est</span> <span class='ocrx_word' id='word_1_118' title='bbox 835 1155 846 1174; x_wconf 84' lang='lat'><strong>,</strong></span> <span class='ocrx_word' id='word_1_119' title='bbox 874 1129 915 1164; x_wconf 87' lang='lat' dir='ltr'>et</span> <span class='ocrx_word' id='word_1_120' title='bbox 960 1119 1178 1164; x_wconf 87' lang='lat' dir='ltr'>Jacobum</span> <span class='ocrx_word' id='word_1_121' title='bbox 1200 1119 1287 1165; x_wconf 90' lang='lat' dir='ltr'>hoc</span> <span class='ocrx_word' id='word_1_122' title='bbox 1310 1120 1407 1165; x_wconf 89' lang='lat' dir='ltr'>ideo</span> <span class='ocrx_word' id='word_1_123' title='bbox 1436 1136 1535 1165; x_wconf 88' lang='lat' dir='ltr'>mo-</span> 
     </span>
     <span class='ocr_line' id='line_1_14' title="bbox 156 1187 1529 1252; baseline 0.001 -17"><span class='ocrx_word' id='word_1_124' title='bbox 156 1189 315 1245; x_wconf 88' lang='lat' dir='ltr'>nuisse,</span> <span class='ocrx_word' id='word_1_125' title='bbox 343 1199 393 1234; x_wconf 88' lang='lat' dir='ltr'>ut</span> <span class='ocrx_word' id='word_1_126' title='bbox 411 1189 570 1234; x_wconf 86' lang='lat' dir='ltr'>scirent</span> <span class='ocrx_word' id='word_1_127' title='bbox 601 1187 706 1235; x_wconf 86' lang='lat' dir='ltr'>falsa</span> <span class='ocrx_word' id='word_1_128' title='bbox 736 1206 821 1235; x_wconf 89' lang='lat' dir='ltr'>esse</span> <span class='ocrx_word' id='word_1_129' title='bbox 839 1227 850 1245; x_wconf 87' lang='lat'><strong><em>‚</em></strong></span> <span class='ocrx_word' id='word_1_130' title='bbox 886 1207 986 1252; x_wconf 85' lang='lat' dir='ltr'>quae</span> <span class='ocrx_word' id='word_1_131' title='bbox 1011 1189 1064 1235; x_wconf 91' lang='lat' dir='ltr'>de</span> <span class='ocrx_word' id='word_1_132' title='bbox 1096 1190 1171 1235; x_wconf 90' lang='lat' dir='ltr'>illo</span> <span class='ocrx_word' id='word_1_133' title='bbox 1198 1190 1423 1237; x_wconf 82' lang='lat' dir='ltr'>audierant</span> <span class='ocrx_word' id='word_1_134' title='bbox 1448 1191 1529 1248; x_wconf 83' lang='lat' dir='ltr'>hi,</span> 
     </span>
     <span class='ocr_line' id='line_1_15' title="bbox 156 1258 1535 1324; baseline 0.001 -19"><span class='ocrx_word' id='word_1_135' title='bbox 156 1259 234 1324; x_wconf 93' lang='lat' dir='ltr'>qui</span> <span class='ocrx_word' id='word_1_136' title='bbox 264 1276 366 1305; x_wconf 89' lang='lat' dir='ltr'>cum</span> <span class='ocrx_word' id='word_1_137' title='bbox 398 1259 441 1304; x_wconf 92' lang='lat' dir='ltr'>in</span> <span class='ocrx_word' id='word_1_138' title='bbox 484 1258 710 1305; x_wconf 89' lang='lat' dir='ltr'>Christum</span> <span class='ocrx_word' id='word_1_139' title='bbox 746 1276 793 1304; x_wconf 84' lang='lat' dir='ltr'>ex</span> <span class='ocrx_word' id='word_1_140' title='bbox 833 1260 993 1306; x_wconf 79' lang='lat' dir='ltr'>Judaeis</span> <span class='ocrx_word' id='word_1_141' title='bbox 1033 1260 1317 1306; x_wconf 86' lang='lat' dir='ltr'>credidissent</span> <span class='ocrx_word' id='word_1_142' title='bbox 1340 1298 1350 1316; x_wconf 88' lang='lat'>‚</span> <span class='ocrx_word' id='word_1_143' title='bbox 1391 1272 1535 1306; x_wconf 88' lang='lat' dir='ltr'>tamen</span> 
     </span>
     <span class='ocr_line' id='line_1_16' title="bbox 157 1330 1535 1394; baseline 0 -17"><span class='ocrx_word' id='word_1_144' title='bbox 157 1330 428 1377; x_wconf 87' lang='lat' dir='ltr'>aemulatores</span> <span class='ocrx_word' id='word_1_145' title='bbox 453 1341 575 1376; x_wconf 86' lang='lat' dir='ltr'>erant</span> <span class='ocrx_word' id='word_1_146' title='bbox 596 1331 746 1390; x_wconf 80' lang='lat' dir='ltr'>LegiS‚</span> <span class='ocrx_word' id='word_1_147' title='bbox 775 1348 828 1376; x_wconf 90' lang='lat' dir='ltr'>ne</span> <span class='ocrx_word' id='word_1_148' title='bbox 856 1349 934 1394; x_wconf 86' lang='lat' dir='ltr'>per</span> <span class='ocrx_word' id='word_1_149' title='bbox 959 1331 1204 1377; x_wconf 86' lang='lat' dir='ltr'>doctrinam</span> <span class='ocrx_word' id='word_1_150' title='bbox 1231 1332 1395 1377; x_wconf 76' lang='lat' dir='ltr'>Christi</span> <span class='ocrx_word' id='word_1_151' title='bbox 1415 1331 1535 1377; x_wconf 84' lang='lat' dir='ltr'>velut</span> 
     </span>
     <span class='ocr_line' id='line_1_17' title="bbox 155 1401 1534 1466; baseline 0.001 -19"><span class='ocrx_word' id='word_1_152' title='bbox 155 1401 386 1461; x_wconf 84' lang='lat' dir='ltr'>sacrilega,</span> <span class='ocrx_word' id='word_1_153' title='bbox 422 1417 501 1447; x_wconf 88' lang='lat' dir='ltr'>nec</span> <span class='ocrx_word' id='word_1_154' title='bbox 531 1403 622 1447; x_wconf 92' lang='lat' dir='ltr'>Deo</span> <span class='ocrx_word' id='word_1_155' title='bbox 648 1401 884 1447; x_wconf 79' lang='lat' dir='ltr'>mandante</span> <span class='ocrx_word' id='word_1_156' title='bbox 914 1403 1163 1464; x_wconf 84' lang='lat' dir='ltr'>conscripta</span> <span class='ocrx_word' id='word_1_157' title='bbox 1188 1402 1386 1448; x_wconf 85' lang='lat' dir='ltr'>damnari</span> <span class='ocrx_word' id='word_1_158' title='bbox 1406 1413 1534 1466; x_wconf 86' lang='lat' dir='ltr'>puta-</span> 
     </span>
     <span class='ocr_line' id='line_1_18' title="bbox 155 1472 1528 1535; baseline 0 -17"><span class='ocrx_word' id='word_1_159' title='bbox 155 1481 332 1527; x_wconf 83' lang='lat' dir='ltr'>rentur,</span> <span class='ocrx_word' id='word_1_160' title='bbox 359 1487 460 1534; x_wconf 80' lang='lat' dir='ltr'>quae</span> <span class='ocrx_word' id='word_1_161' title='bbox 491 1487 572 1534; x_wconf 88' lang='lat' dir='ltr'>per</span> <span class='ocrx_word' id='word_1_162' title='bbox 614 1476 792 1534; x_wconf 70' lang='lat' dir='ltr'>Moysen</span> <span class='ocrx_word' id='word_1_163' title='bbox 828 1472 1030 1535; x_wconf 87' lang='lat' dir='ltr'>patribus</span> <span class='ocrx_word' id='word_1_164' title='bbox 1065 1472 1237 1518; x_wconf 85' lang='lat' dir='ltr'>fuerant</span> <span class='ocrx_word' id='word_1_165' title='bbox 1271 1473 1528 1519; x_wconf 88' lang='lat' dir='ltr'>ministrata.</span> 
     </span>
     <span class='ocr_line' id='line_1_19' title="bbox 155 1541 1534 1607; baseline 0.001 -19"><span class='ocrx_word' id='word_1_166' title='bbox 155 1542 253 1588; x_wconf 92' lang='lat' dir='ltr'>Hoc</span> <span class='ocrx_word' id='word_1_167' title='bbox 277 1542 392 1588; x_wconf 90' lang='lat' dir='ltr'>enim</span> <span class='ocrx_word' id='word_1_168' title='bbox 418 1541 472 1587; x_wconf 91' lang='lat' dir='ltr'>de</span> <span class='ocrx_word' id='word_1_169' title='bbox 495 1541 633 1588; x_wconf 89' lang='lat' dir='ltr'>Paulo</span> <span class='ocrx_word' id='word_1_170' title='bbox 663 1546 964 1601; x_wconf 81' lang='lat' dir='ltr'>jactaverant,</span> <span class='ocrx_word' id='word_1_171' title='bbox 1004 1561 1094 1589; x_wconf 90' lang='lat' dir='ltr'>non</span> <span class='ocrx_word' id='word_1_172' title='bbox 1129 1543 1191 1588; x_wconf 88' lang='lat' dir='ltr'>illi</span> <span class='ocrx_word' id='word_1_173' title='bbox 1217 1544 1294 1607; x_wconf 89' lang='lat' dir='ltr'>qui</span> <span class='ocrx_word' id='word_1_174' title='bbox 1317 1543 1534 1604; x_wconf 86' lang='lat' dir='ltr'>intellige-</span> 
     </span>
     <span class='ocr_line' id='line_1_20' title="bbox 153 1612 1533 1675; baseline 0.001 -17"><span class='ocrx_word' id='word_1_175' title='bbox 153 1612 263 1658; x_wconf 87' lang='lat' dir='ltr'>bant</span> <span class='ocrx_word' id='word_1_176' title='bbox 285 1629 372 1675; x_wconf 92' lang='lat' dir='ltr'>quo</span> <span class='ocrx_word' id='word_1_177' title='bbox 397 1612 540 1657; x_wconf 89' lang='lat' dir='ltr'>animo</span> <span class='ocrx_word' id='word_1_178' title='bbox 574 1630 597 1657; x_wconf 85' lang='lat' dir='ltr'>a</span> <span class='ocrx_word' id='word_1_179' title='bbox 635 1612 803 1658; x_wconf 78' lang='lat' dir='ltr'>Judaeis</span> <span class='ocrx_word' id='word_1_180' title='bbox 824 1613 1030 1658; x_wconf 88' lang='lat' dir='ltr'>fidelibus</span> <span class='ocrx_word' id='word_1_181' title='bbox 1056 1614 1276 1660; x_wconf 87' lang='lat' dir='ltr'>observari</span> <span class='ocrx_word' id='word_1_182' title='bbox 1311 1625 1417 1659; x_wconf 90' lang='lat' dir='ltr'>tunc</span> <span class='ocrx_word' id='word_1_183' title='bbox 1452 1615 1533 1659; x_wconf 88' lang='lat' dir='ltr'>ista</span> 
     </span>
     <span class='ocr_line' id='line_1_21' title="bbox 155 1682 1531 1745; baseline 0.001 -18"><span class='ocrx_word' id='word_1_184' title='bbox 155 1682 389 1738; x_wconf 79' lang='lat' dir='ltr'>deberent,</span> <span class='ocrx_word' id='word_1_185' title='bbox 417 1693 601 1745; x_wconf 87' lang='lat' dir='ltr'>propter</span> <span class='ocrx_word' id='word_1_186' title='bbox 622 1683 1015 1728; x_wconf 81' lang='lat' dir='ltr'>commendandam</span> <span class='ocrx_word' id='word_1_187' title='bbox 1039 1683 1202 1729; x_wconf 87' lang='lat' dir='ltr'>seilicet</span> <span class='ocrx_word' id='word_1_188' title='bbox 1228 1685 1531 1730; x_wconf 88' lang='lat' dir='ltr'>auctoritatem</span> 
     </span>
     <span class='ocr_line' id='line_1_22' title="bbox 154 1752 1530 1816; baseline 0.001 -19"><span class='ocrx_word' id='word_1_189' title='bbox 154 1752 346 1798; x_wconf 87' lang='lat' dir='ltr'>divinam</span> <span class='ocrx_word' id='word_1_190' title='bbox 367 1761 409 1797; x_wconf 90' lang='lat' dir='ltr'>et</span> <span class='ocrx_word' id='word_1_191' title='bbox 434 1763 804 1797; x_wconf 83' lang='lat' dir='ltr'>sacramentorum</span> <span class='ocrx_word' id='word_1_192' title='bbox 826 1753 999 1798; x_wconf 82' lang='lat' dir='ltr'>illorum</span> <span class='ocrx_word' id='word_1_193' title='bbox 1025 1754 1331 1816; x_wconf 79' lang='lat' dir='ltr'>propheticam</span> <span class='ocrx_word' id='word_1_194' title='bbox 1365 1755 1530 1800; x_wconf 83' lang='lat' dir='ltr'>sancti—</span> 
     </span>
     <span class='ocr_line' id='line_1_23' title="bbox 153 1822 1529 1886; baseline 0.002 -20"><span class='ocrx_word' id='word_1_195' title='bbox 153 1832 287 1867; x_wconf 88' lang='lat' dir='ltr'>tatem</span> <span class='ocrx_word' id='word_1_196' title='bbox 308 1841 320 1875; x_wconf 91' lang='lat'>;</span> <span class='ocrx_word' id='word_1_197' title='bbox 343 1838 432 1867; x_wconf 89' lang='lat' dir='ltr'>non</span> <span class='ocrx_word' id='word_1_198' title='bbox 455 1832 634 1884; x_wconf 88' lang='lat' dir='ltr'>propter</span> <span class='ocrx_word' id='word_1_199' title='bbox 661 1822 986 1885; x_wconf 83' lang='lat' dir='ltr'>adipiscendam</span> <span class='ocrx_word' id='word_1_200' title='bbox 1013 1823 1191 1868; x_wconf 85' lang='lat' dir='ltr'>salutem</span> <span class='ocrx_word' id='word_1_201' title='bbox 1212 1861 1221 1877; x_wconf 77' lang='lat'><em>‚</em></span> <span class='ocrx_word' id='word_1_202' title='bbox 1251 1841 1351 1886; x_wconf 77' lang='lat' dir='ltr'>quae</span> <span class='ocrx_word' id='word_1_203' title='bbox 1373 1828 1465 1884; x_wconf 84' lang='lat' dir='ltr'>jam</span> <span class='ocrx_word' id='word_1_204' title='bbox 1485 1825 1529 1869; x_wconf 91' lang='lat' dir='ltr'>in</span> 
     </span>
     <span class='ocr_line' id='line_1_24' title="bbox 153 1891 1529 1955; baseline 0.001 -17"><span class='ocrx_word' id='word_1_205' title='bbox 153 1891 330 1938; x_wconf 88' lang='lat' dir='ltr'>Christo</span> <span class='ocrx_word' id='word_1_206' title='bbox 353 1891 625 1937; x_wconf 88' lang='lat' dir='ltr'>revelabatur</span> <span class='ocrx_word' id='word_1_207' title='bbox 647 1930 657 1947; x_wconf 76' lang='grc'><em>,</em></span> <span class='ocrx_word' id='word_1_208' title='bbox 694 1903 736 1937; x_wconf 88' lang='lat' dir='ltr'>et</span> <span class='ocrx_word' id='word_1_209' title='bbox 764 1910 841 1955; x_wconf 89' lang='lat' dir='ltr'>per</span> <span class='ocrx_word' id='word_1_210' title='bbox 874 1893 1085 1955; x_wconf 83' lang='lat' dir='ltr'>baptismi</span> <span class='ocrx_word' id='word_1_211' title='bbox 1112 1905 1426 1939; x_wconf 84' lang='lat' dir='ltr'>sacramentum</span> <span class='ocrx_word' id='word_1_212' title='bbox 1450 1895 1529 1939; x_wconf 85' lang='lat' dir='ltr'>mi-</span> 
     </span>
     <span class='ocr_line' id='line_1_25' title="bbox 153 1961 1530 2027; baseline 0.001 -20"><span class='ocrx_word' id='word_1_213' title='bbox 153 1962 423 2008; x_wconf 86' lang='lat' dir='ltr'>nistrabatur</span> <span class='ocrx_word' id='word_1_214' title='bbox 446 1979 458 2007; x_wconf 73' lang='lat'>2</span> <span class='ocrx_word' id='word_1_215' title='bbox 487 1961 561 2007; x_wconf 89' lang='lat' dir='ltr'>sed</span> <span class='ocrx_word' id='word_1_216' title='bbox 579 1962 645 2008; x_wconf 89' lang='lat' dir='ltr'>illi</span> <span class='ocrx_word' id='word_1_217' title='bbox 667 1962 752 2008; x_wconf 89' lang='lat' dir='ltr'>hoc</span> <span class='ocrx_word' id='word_1_218' title='bbox 776 1964 828 2008; x_wconf 90' lang='lat' dir='ltr'>de</span> <span class='ocrx_word' id='word_1_219' title='bbox 850 1963 989 2008; x_wconf 88' lang='lat' dir='ltr'>Paulo</span> <span class='ocrx_word' id='word_1_220' title='bbox 1015 1975 1277 2026; x_wconf 79' lang='lat' dir='ltr'>sparserant,</span> <span class='ocrx_word' id='word_1_221' title='bbox 1301 1965 1377 2027; x_wconf 91' lang='lat' dir='ltr'>qui</span> <span class='ocrx_word' id='word_1_222' title='bbox 1403 1965 1462 2009; x_wconf 86' lang='lat' dir='ltr'>sie</span> <span class='ocrx_word' id='word_1_223' title='bbox 1483 1981 1530 2009; x_wconf 88' lang='lat' dir='ltr'>ea</span> 
     </span>
     <span class='ocr_line' id='line_1_26' title="bbox 151 2031 1531 2095; baseline 0.001 -17"><span class='ocrx_word' id='word_1_224' title='bbox 151 2031 359 2078; x_wconf 86' lang='lat' dir='ltr'>volebant</span> <span class='ocrx_word' id='word_1_225' title='bbox 381 2031 630 2087; x_wconf 86' lang='lat' dir='ltr'>observari,</span> <span class='ocrx_word' id='word_1_226' title='bbox 653 2042 860 2095; x_wconf 86' lang='lat' dir='ltr'>tanquam</span> <span class='ocrx_word' id='word_1_227' title='bbox 883 2033 971 2078; x_wconf 91' lang='lat' dir='ltr'>sine</span> <span class='ocrx_word' id='word_1_228' title='bbox 988 2033 1058 2078; x_wconf 91' lang='lat' dir='ltr'>his</span> <span class='ocrx_word' id='word_1_229' title='bbox 1084 2034 1128 2079; x_wconf 88' lang='lat' dir='ltr'>in</span> <span class='ocrx_word' id='word_1_230' title='bbox 1161 2034 1395 2093; x_wconf 81' lang='lat' dir='ltr'>Evangelio</span> <span class='ocrx_word' id='word_1_231' title='bbox 1420 2034 1531 2079; x_wconf 85' lang='lat' dir='ltr'>salus</span> 
     </span>
     <span class='ocr_line' id='line_1_27' title="bbox 152 2102 1530 2166; baseline 0 -17"><span class='ocrx_word' id='word_1_232' title='bbox 152 2102 428 2149; x_wconf 87' lang='lat' dir='ltr'>credentibus</span> <span class='ocrx_word' id='word_1_233' title='bbox 446 2119 532 2148; x_wconf 91' lang='lat' dir='ltr'>esse</span> <span class='ocrx_word' id='word_1_234' title='bbox 556 2120 645 2148; x_wconf 85' lang='lat' dir='ltr'>non</span> <span class='ocrx_word' id='word_1_235' title='bbox 668 2113 824 2165; x_wconf 86' lang='lat' dir='ltr'>posset.</span> <span class='ocrx_word' id='word_1_236' title='bbox 851 2104 1002 2166; x_wconf 83' lang='lat' dir='ltr'>Ipsum</span> <span class='ocrx_word' id='word_1_237' title='bbox 1024 2104 1139 2149; x_wconf 85' lang='lat' dir='ltr'>enim</span> <span class='ocrx_word' id='word_1_238' title='bbox 1164 2115 1381 2149; x_wconf 83' lang='lat' dir='ltr'>senserant</span> <span class='ocrx_word' id='word_1_239' title='bbox 1401 2105 1530 2150; x_wconf 67' lang='lat' dir='ltr'>vehe-</span> 
     </span>
     <span class='ocr_line' id='line_1_28' title="bbox 151 2172 1529 2235; baseline 0.001 -17"><span class='ocrx_word' id='word_1_240' title='bbox 151 2172 466 2218; x_wconf 90' lang='lat' dir='ltr'>mentissimum</span> <span class='ocrx_word' id='word_1_241' title='bbox 493 2172 643 2231; x_wconf 74' lang='lat' dir='ltr'>gratiae</span> <span class='ocrx_word' id='word_1_242' title='bbox 666 2172 1004 2235; x_wconf 60' lang='lat' dir='ltr'>praedicatorem</span> <span class='ocrx_word' id='word_1_243' title='bbox 1041 2184 1081 2218; x_wconf 73' lang='lat' dir='ltr'>et</span> <span class='ocrx_word' id='word_1_244' title='bbox 1117 2174 1347 2219; x_wconf 82' lang='lat' dir='ltr'>intentioni</span> <span class='ocrx_word' id='word_1_245' title='bbox 1380 2191 1529 2219; x_wconf 85' lang='lat' dir='ltr'>eorum</span> 
     </span>
     <span class='ocr_line' id='line_1_29' title="bbox 152 2241 1531 2304; baseline 0.001 -17"><span class='ocrx_word' id='word_1_246' title='bbox 152 2243 336 2287; x_wconf 85' lang='lat' dir='ltr'>maxime</span> <span class='ocrx_word' id='word_1_247' title='bbox 354 2241 582 2287; x_wconf 85' lang='lat' dir='ltr'>adversum</span> <span class='ocrx_word' id='word_1_248' title='bbox 600 2279 611 2298; x_wconf 85' lang='lat'>‚</span> <span class='ocrx_word' id='word_1_249' title='bbox 640 2241 868 2288; x_wconf 86' lang='lat' dir='ltr'>docentem</span> <span class='ocrx_word' id='word_1_250' title='bbox 889 2259 977 2287; x_wconf 91' lang='lat' dir='ltr'>non</span> <span class='ocrx_word' id='word_1_251' title='bbox 1001 2260 1080 2304; x_wconf 84' lang='lat' dir='ltr'>per</span> <span class='ocrx_word' id='word_1_252' title='bbox 1106 2243 1177 2288; x_wconf 86' lang='lat' dir='ltr'>illa</span> <span class='ocrx_word' id='word_1_253' title='bbox 1202 2243 1424 2288; x_wconf 85' lang='lat' dir='ltr'>hominem</span> <span class='ocrx_word' id='word_1_254' title='bbox 1439 2247 1531 2302; x_wconf 72' lang='lat' dir='ltr'>Jus-</span> 
     </span>
     <span class='ocr_line' id='line_1_30' title="bbox 155 2311 1528 2375; baseline 0 -17"><span class='ocrx_word' id='word_1_255' title='bbox 155 2312 310 2358; x_wconf 88' lang='lat' dir='ltr'>tificari</span> <span class='ocrx_word' id='word_1_256' title='bbox 330 2348 341 2367; x_wconf 88' lang='lat'>‚</span> <span class='ocrx_word' id='word_1_257' title='bbox 368 2311 442 2357; x_wconf 88' lang='lat' dir='ltr'>sed</span> <span class='ocrx_word' id='word_1_258' title='bbox 475 2329 554 2374; x_wconf 87' lang='lat' dir='ltr'>per</span> <span class='ocrx_word' id='word_1_259' title='bbox 576 2312 759 2371; x_wconf 86' lang='lat' dir='ltr'>gratiam</span> <span class='ocrx_word' id='word_1_260' title='bbox 786 2317 884 2358; x_wconf 84' lang='lat' dir='ltr'>Jesu</span> <span class='ocrx_word' id='word_1_261' title='bbox 916 2312 1112 2365; x_wconf 73' lang='lat' dir='ltr'>Cliristi3</span> <span class='ocrx_word' id='word_1_262' title='bbox 1152 2314 1279 2373; x_wconf 68' lang='lat' dir='ltr'>cujus</span> <span class='ocrx_word' id='word_1_263' title='bbox 1315 2330 1528 2375; x_wconf 70' lang='lat' dir='ltr'>praenun-</span> 
     </span>
     <span class='ocr_line' id='line_1_31' title="bbox 149 2381 1526 2442; baseline -0.001 -13"><span class='ocrx_word' id='word_1_264' title='bbox 149 2382 313 2429; x_wconf 87' lang='lat' dir='ltr'>tiandae</span> <span class='ocrx_word' id='word_1_265' title='bbox 333 2399 461 2428; x_wconf 88' lang='lat' dir='ltr'>causa</span> <span class='ocrx_word' id='word_1_266' title='bbox 484 2381 572 2428; x_wconf 89' lang='lat' dir='ltr'>illae</span> <span class='ocrx_word' id='word_1_267' title='bbox 592 2382 764 2428; x_wconf 63' lang='lat' dir='ltr'>umbrae</span> <span class='ocrx_word' id='word_1_268' title='bbox 782 2383 828 2428; x_wconf 90' lang='lat' dir='ltr'>in</span> <span class='ocrx_word' id='word_1_269' title='bbox 853 2385 964 2442; x_wconf 80' lang='lat' dir='ltr'>Lege</span> <span class='ocrx_word' id='word_1_270' title='bbox 985 2382 1203 2427; x_wconf 71' lang='lat' dir='ltr'>mandata-3</span> <span class='ocrx_word' id='word_1_271' title='bbox 1219 2395 1333 2429; x_wconf 86' lang='lat' dir='ltr'>sunt.</span> <span class='ocrx_word' id='word_1_272' title='bbox 1360 2385 1414 2428; x_wconf 76' lang='lat' dir='ltr'>Et</span> <span class='ocrx_word' id='word_1_273' title='bbox 1430 2383 1526 2428; x_wconf 85' lang='lat' dir='ltr'>ideo</span> 
     </span>
     <span class='ocr_line' id='line_1_32' title="bbox 146 2452 1527 2514; baseline -0.001 -14"><span class='ocrx_word' id='word_1_274' title='bbox 146 2454 210 2501; x_wconf 88' lang='lat' dir='ltr'>illi</span> <span class='ocrx_word' id='word_1_275' title='bbox 228 2453 438 2500; x_wconf 85' lang='lat' dir='ltr'>invidiam</span> <span class='ocrx_word' id='word_1_276' title='bbox 466 2463 508 2497; x_wconf 90' lang='lat' dir='ltr'>et</span> <span class='ocrx_word' id='word_1_277' title='bbox 529 2453 866 2514; x_wconf 84' lang='lat' dir='ltr'>persecutionem</span> <span class='ocrx_word' id='word_1_278' title='bbox 903 2452 1125 2498; x_wconf 84' lang='lat' dir='ltr'>molientes</span> <span class='ocrx_word' id='word_1_279' title='bbox 1151 2454 1398 2510; x_wconf 83' lang='lat' dir='ltr'>concitare,</span> <span class='ocrx_word' id='word_1_280' title='bbox 1427 2466 1527 2499; x_wconf 82' lang='lat' dir='ltr'>tan—</span> 
     </span>
     <span class='ocr_line' id='line_1_33' title="bbox 145 2522 1529 2589; baseline -0.001 -19"><span class='ocrx_word' id='word_1_281' title='bbox 145 2541 278 2589; x_wconf 89' lang='lat' dir='ltr'>quam</span> <span class='ocrx_word' id='word_1_282' title='bbox 297 2523 526 2569; x_wconf 88' lang='lat' dir='ltr'>inimicum</span> <span class='ocrx_word' id='word_1_283' title='bbox 543 2522 648 2583; x_wconf 83' lang='lat' dir='ltr'>legis</span> <span class='ocrx_word' id='word_1_284' title='bbox 671 2523 1065 2585; x_wconf 85' lang='lat' dir='ltr'>mandatorumque</span> <span class='ocrx_word' id='word_1_285' title='bbox 1093 2522 1345 2574; x_wconf 83' lang='lat' dir='ltr'>divinorum</span> <span class='ocrx_word' id='word_1_286' title='bbox 1383 2524 1529 2569; x_wconf 85' lang='lat' dir='ltr'>erimi-</span> 
     </span>
    </p>
   </div>
   <div class='ocr_carea' id='block_1_3' title="bbox 194 2606 531 2650">
    <p class='ocr_par' dir='ltr' id='par_1_3' title="bbox 194 2606 531 2650">
     <span class='ocr_line' id='line_1_34' title="bbox 194 2606 531 2650; baseline -0.003 -11"><span class='ocrx_word' id='word_1_287' title='bbox 194 2608 205 2630; x_wconf 84' lang='lat'>¹</span> <span class='ocrx_word' id='word_1_288' title='bbox 228 2611 302 2640; x_wconf 73' lang='lat' dir='ltr'>Act.</span> <span class='ocrx_word' id='word_1_289' title='bbox 321 2616 390 2650; x_wconf 72' lang='lat' dir='ltr'>xxi,</span> <span class='ocrx_word' id='word_1_290' title='bbox 411 2606 531 2638; x_wconf 80' lang='lat'>20-26.</span> 
     </span>
    </p>
   </div>
  </div>
 </body>
</html>
