1902 3268
358 269 449 334 278
761 286 795 314 s.
840 283 1080 314 Aueusrnw
1116 284 1321 316 nmscom

352 350 487 414 pheta
508 349 715 412 gestabat.
744 349 1062 408 Praefiguratmt
1103 351 1215 395 enim
1253 351 1468 397 carnalem
1509 350 1728 416 populum

356 421 504 467 lsrael.
540 423 647 465 Nam
674 420 780 464 huic
800 429 891 463 erat
909 429 949 462 et
976 419 1144 464 tristitia
1167 420 1219 465 de
1249 421 1383 466 salute
1409 422 1724 476 Ninivitarum,

353 491 439 536 hoc
452 502 529 546 est,
544 491 596 535 de
608 489 960 551 redemptioneet
984 488 1237 535 liberatione
1250 494 1455 549 gentium.
1476 493 1599 538 Unde
1612 493 1729 538 venit

357 562 558 607 Christus
578 577 748 614 vocare,
786 576 869 603 non
892 561 1047 617 juste-st
1080 559 1150 604 sed
1176 573 1423 622 peccatores
1445 562 1489 607 in
1509 563 1732 624 poeniten-

353 631 457 676 tiam
481 630 513 677 1·
546 629 863 675 Umbraculum
903 646 1000 688 ergo
1026 630 1269 675 cucurbitae
1307 648 1435 693 super
1458 643 1592 695 caput
1616 635 1725 694 eJus‚

348 701 659 765 promissiones
678 710 799 745 erant
829 700 992 744 'Veteris
1018 700 1293 756 Testamenti,
1327 703 1393 747 vel
1416 702 1607 765 ipsajam
1628 720 1730 748 mu·-

348 789 448 818 nera
471 809 480 827 ,
522 771 567 816 in
601 772 764 836 quibus
797 780 887 816 erat
931 770 1104 834 utique„
1144 771 1256 816 sicut
1291 771 1398 817 dicit
1444 773 1676 835 Apostolus
1716 791 1727 818 :

348 864 368 883 «
398 843 561 887 Umbra
580 841 829 887 futurorum
851 841 883 887 2.
911 862 930 881 >2
958 852 1163 904 tanquam
1194 843 1247 887 ab
1284 854 1392 888 aestu
1422 844 1729 906 temporalium

344 911 561 957 malorum
598 911 772 956 interra
806 911 1101 974 promissimus
1137 911 1462 958 defensaculum
1501 914 1722 976 praebens.

348 981 516 1027 Vermis
547 991 689 1026 autem
705 981 959 1036 matutinus,
984 998 1071 1044 quo
1094 981 1272 1027 rodente
1290 984 1521 1029 cucurbita
1547 983 1728 1040 exaruit,

350 1051 466 1097 idem
494 1052 584 1115 ipse
599 1068 748 1097 rursus
774 1052 974 1097 Christus
1002 1052 1193 1097 occurrit
1218 1070 1264 1097 ex
1291 1057 1415 1113 cujus
1436 1071 1508 1099 ore
1531 1055 1732 1114 Evange-

350 1123 410 1170 lio
428 1123 665 1179 diffamato⁷
681 1133 839 1168 cuncta
854 1122 941 1168 illa.
961 1140 1059 1186 (μεθ
1080 1124 1503 1188 temporaliterapud
1518 1125 1734 1171 Israelitas

356 1193 476 1239 velut
500 1193 728 1240 umbratili
759 1193 881 1257 prius
905 1192 1218 1252 significatione
1241 1194 1489 1253 viguerunt,
1526 1206 1735 1241 evacuata

351 1276 640 1311 marcescunt.
673 1266 728 1310 Et
751 1281 867 1310 nunc
885 1264 956 1309 ille
981 1264 1175 1327 populus
1196 1267 1351 1310 amisso
1370 1265 1736 1328 Jerosotymitano

354 1353 504 1397 regno,
530 1347 572 1381 ct
608 1335 868 1390 sacerdotio,
898 1344 939 1379 et
969 1335 1181 1381 sacrificio
1215 1335 1364 1397 (quod
1404 1346 1544 1381 totuin
1579 1336 1736 1381 umbra

349 1416 439 1470 erat
461 1405 622 1467 futuri)
642 1407 686 1451 iu
703 1406 876 1469 captiva
891 1404 1154 1468 dispersione
1180 1423 1335 1465 magno
1359 1416 1465 1451 aestu
1483 1405 1734 1451 tribulatio-

352 1476 419 1534 nis
439 1475 659 1530 aduritur,
686 1475 797 1521 sieut
828 1479 976 1530 Jonas‚
1005 1479 1123 1540 quod
1146 1476 1357 1539 scriptum
1385 1486 1463 1530 est,
1487 1494 1509 1521 a
1535 1476 1633 1521 solis
1656 1493 1726 1521 ar-

355 1546 477 1612 dore,
505 1556 546 1591 et
566 1545 682 1592 dolet
699 1544 938 1606 graviter53
960 1556 1000 1590 et
1021 1556 1163 1606 tamen
1188 1545 1329 1591 dolori
1357 1550 1448 1605 ejus
1480 1557 1611 1610 atque
1637 1563 1734 1592 um-

353 1617 476 1672 brae,
504 1633 636 1680 quam
674 1615 882 1676 diligebat
902 1652 912 1670 ‚
950 1615 1063 1660 salus
1090 1617 1283 1675 gentium
1328 1616 1736 1680 poenitentiumque

354 1688 647 1752 praeponitur.

423 1759 626 1805 XXXVI.
669 1756 823 1803 Adhuc
853 1755 1117 1803 cachinnent
1144 1757 1329 1821 pagani,
1358 1761 1509 1817 etjam
1545 1773 1735 1802 vermem

359 1828 616 1884 Christum,
646 1839 687 1873 et
723 1828 839 1873 hanc
863 1827 1263 1891 interpretationem
1305 1827 1556 1892 prophetici
1590 1844 1738 1873 sacra-

358 1901 493 1946 menti
527 1899 783 1964 superbiore
817 1897 1069 1959 garrulitate
1103 1898 1356 1954 derideant,
1384 1899 1488 1944 dum
1517 1908 1658 1943 tamen
1697 1907 1738 1945 et

357 1971 473 2034 ipsos
506 1971 660 2016 sensim
687 1969 985 2033 paulatimque
1024 1980 1265 2015 consumat.
1298 1970 1407 2014 Nam
1445 1969 1498 2013 de
1536 1968 1740 2014 omnibus

357 2040 516 2088 talibus
532 2041 663 2086 Isaras
677 2040 935 2103 prophetat„
958 2057 1035 2102 per
1050 2056 1177 2105 quem
1199 2039 1324 2085 nobis
1340 2039 1598 2094 dicitDeus3
1614 2060 1632 2079 «
1656 2040 1738 2084 Au-

355 2132 378 2154 »
399 2111 487 2158 dite
511 2128 595 2167 me,
618 2112 693 2176 qui
716 2110 1067 2170 scitisjucliciutn
1095 2110 1287 2174 populus
1312 2126 1447 2163 meus,
1477 2110 1521 2155 in
1549 2125 1738 2172 quorum

356 2204 377 2225 >³
394 2181 525 2229 eorde
545 2181 608 2226 lex
630 2199 723 2226 mea
741 2192 802 2226 est
826 2197 836 2225 ε
862 2180 1102 2244 opprobria
1120 2180 1350 2226 hominum
1374 2179 1507 2225 nolite
1534 2190 1739 2235 metuere,

354 2274 376 2296 >)
396 2265 437 2299 et
455 2252 722 2299 detractione
741 2269 890 2297 eorum
915 2268 966 2296 ne
991 2251 1272 2314 superemini,
1294 2268 1372 2297 nec
1397 2250 1515 2314 quod
1536 2267 1739 2314 vossper-

355 2346 375 2365 »
394 2333 499 2372 nant
523 2322 668 2382 magni
699 2321 932 2367 duxeritis:
960 2322 1072 2367 sicut
1103 2322 1215 2367 enim
1245 2322 1566 2375 vestimentum,
1589 2322 1645 2366 ita
1664 2337 1741 2385 per

359 2406 572 2457 »tempus
597 2394 900 2448 absumentur,
928 2403 970 2438 et
991 2393 1103 2438 sicut
1123 2392 1219 2438 lana
1245 2411 1266 2438 a
1289 2393 1395 2438 tinea
1423 2392 1738 2446 comedentur3

361 2465 569 2530 »justitia
595 2476 737 2510 autem
759 2482 850 2509 mea
874 2464 918 2510 in
942 2474 1156 2510 aeternum
1173 2474 1316 2510 manet
1331 2463 1364 2510 Δ.
1396 2486 1415 2504 »
1443 2464 1528 2509 Nos
1545 2478 1644 2524 ergo
1665 2480 1739 2523 ag·

366 2553 600 2584 noscamus
616 2553 803 2582 vermem
829 2536 1114 2591 matutinum,
1142 2535 1245 2599 quia
1268 2535 1367 2580 etin
1384 2534 1458 2580 illo
1477 2534 1648 2580 Psalmo
1665 2550 1740 2580 cu·

418 2620 524 2654 'laum
542 2631 570 2657 v,
590 2621 644 2654 32.
667 2637 710 2643 0-
727 2617 878 2651 2(Ξοίοεε.
896 2631 938 2659 ῐῐ,
958 2631 1010 2657 ¹7-
1032 2638 1072 2644 --
1094 2616 1201 2652 3Jon.
1226 2631 1271 2658 xv,
1294 2620 1324 2650 8.
1344 2637 1386 2643 -—
1405 2615 1568 2657 ⁴Isai.1,r‚
1590 2630 1621 2656 7.
