1902 3268
352 251 442 297 322
763 264 796 293 s.
842 262 1084 294 Aucus‘rtm
1119 263 1320 295 emseori

350 330 425 377 nio
453 347 464 376 :
491 351 512 372 «
537 328 759 376 Videbatis
791 328 930 374 furem
946 365 957 385 ‚
980 339 1022 374 et
1041 329 1368 374 concurrebatis
1388 346 1488 376 cum
1509 331 1610 389 eo1‚
1640 354 1661 375 ›>
1682 343 1723 381 et

347 400 474 447 factis
496 400 610 446 enim
632 398 863 453 malorum,
888 415 977 444 non
1003 410 1374 446 sacramentorum
1396 403 1720 460 communione,

346 471 420 517 sed
440 469 692 517 eorumdem
714 468 929 514 factorum
950 469 1230 516 consensione
1253 473 1545 519 concurritur.
1575 475 1722 538 Apos-

343 542 458 588 tolus
482 539 644 587 Paulus
666 549 881 604 quantum
903 538 956 584 de
979 537 1095 584 falsis·
1133 539 1341 586 fratribus
1381 543 1662 605 conqueritur
1680 546 1718 603 ⁷²,

338 627 529 675 quorum
571 620 717 656 tamen
740 607 960 673 corporali
980 608 1265 672 permixtione
1284 627 1371 655 non
1397 612 1717 672 maculabatur,

336 683 478 730 cordis
494 682 596 747 puri
610 680 856 727 diversitate
876 683 1130 740 sejunctus?
1154 681 1263 726 Nam
1279 698 1302 726 a
1320 681 1587 745 quibusdam
1613 701 1721 748 quos

335 753 508 800 invidos
543 763 739 808 noverat,
767 751 925 812 gaudet
947 751 1173 797 Christum
1189 751 1353 816 pariter
1373 753 1602 816 praedicari
1617 755 1653 812 3,
1679 764 1721 801 et

335 825 488 889 utique
511 823 676 871 invidia
704 823 974 869 diabolicum
999 822 1154 869 vitium
1182 833 1256 869 est.

400 897 477 943 IX.
514 897 741 941 Postremo
769 894 1001 958 episcopus
1021 889 1399 957 Cypria1111S‚ja1n
1420 895 1613 942 Ecclesia
1637 914 1718 943 co-

332 967 495 1033 piosius
519 966 714 1020 dilatata,
737 965 925 1011 vicinior
948 964 1219 1029 temporibus
1245 966 1400 1011 nostris
1425 970 1549 1027 eujus
1571 979 1718 1015 aucto-

330 1039 457 1085 ritate
484 1036 720 1101 aliquando
752 1036 1055 1098 repetitionem
1088 1035 1299 1099 baptismi
1339 1038 1598 1084 confirmare
1638 1056 1718 1085 co-

331 1110 496 1156 namini
513 1147 523 1165 ‚
549 1125 650 1155 cum
681 1106 793 1152 illud
817 1106 1053 1152 concilium
1073 1104 1110 1161 4,
1138 1105 1206 1151 vel
1230 1106 1302 1152 illa
1337 1108 1523 1171 scripta,
1558 1110 1592 1155 si
1619 1127 1717 1157 vere

329 1181 468 1245 ipsius
500 1189 616 1234 sunt,
647 1188 688 1223 et
712 1194 798 1222 non
821 1177 931 1222 sieut
951 1175 1085 1240 aliqui
1110 1186 1287 1239 putant,
1317 1177 1400 1222 sub
1424 1181 1515 1238 ejus
1543 1180 1717 1226 nomine

331 1251 732 1314 conscripta.atque
761 1248 947 1293 conficta
967 1285 978 1303 ,
1007 1247 1259 1293 contineant
1286 1258 1500 1311 quantum
1523 1248 1718 1298 dilexerit

330 1323 559 1377 unitatem,
581 1319 804 1385 quomodo
830 1319 874 1364 in
899 1337 945 1365 ea
967 1318 1229 1375 tolerandos,
1256 1319 1384 1364 etiam
1404 1330 1555 1367 contra
1574 1321 1714 1385 quos5

324 1393 417 1457 ipse
439 1392 652 1439 sentiebat
669 1390 914 1454 apertisima
934 1390 1235 1436 exhortatione
1253 1389 1534 1449 consuluerit,
1558 1410 1611 1438 ne
1630 1411 1716 1456 pa·-

329 1464 390 1510 cis
405 1462 630 1509 vinculum
646 1471 922 1525 rumperetur
943 1479 953 1506 :
982 1460 1029 1506 id
1044 1460 1317 1524 potissimum
1343 1462 1583 1519 attendens,
1609 1463 1714 1528 quia

326 1535 358 1580 si
376 1534 474 1599 quis
494 1532 727 1588 alterutris,
749 1532 910 1595 quibus
937 1531 1057 1577 aliud
1083 1530 1272 1589 videtur,
1293 1549 1425 1596 quam
1449 1533 1604 1579 Veritas
1625 1534 1711 1580 ha-

325 1605 418 1661 bet,
445 1606 667 1651 humanus
691 1621 810 1648 error
853 1602 1096 1666 irrepserit,
1122 1601 1313 1648 fraterna
1349 1603 1585 1650 concordia
1609 1621 1712 1651 cus-

326 1676 467 1722 todita
488 1675 678 1721 charitas
698 1674 829 1719 etiam
844 1673 1040 1737 cooperit
1057 1671 1383 1719 multitudinem
1405 1684 1703 1738 peecatorum.

328 1748 455 1795 Hanc
475 1746 546 1792 ille
570 1745 630 1791 sic
651 1745 806 1797 tenuit,
826 1744 886 1790 sic
901 1744 1080 1800 amavit,
1102 1754 1150 1789 ut
1175 1744 1207 1789 si
1221 1743 1329 1808 quid
1355 1744 1478 1790 aliter
1495 1762 1625 1809 quam
1644 1763 1708 1792 res

328 1829 407 1874 cst,
431 1817 484 1864 de
497 1815 702 1880 baptismi
722 1824 990 1860 samamento
1004 1824 1223 1878 sapuerat‚
1251 1814 1296 1860 id
1317 1831 1492 1878 quoque
1515 1815 1709 1862 Deusilli

327 1889 551 1943 revelaret,
576 1888 688 1933 sicut
706 1885 939 1949 Apostolus
958 1885 1168 1931 fratribus
1192 1885 1235 1929 in
1257 1885 1470 1930 charitate
1487 1886 1718 1932 ambulan-

330 1960 448 2007 tibus
462 1960 569 2005 dieit
587 1976 597 2003 ι
617 1980 634 1998 α
653 1958 996 2019 Quotquotergo
1010 1955 1208 2019 perfecti,
1232 1955 1317 1999 hoc
1338 1955 1573 2017 sapiamus,
1604 1967 1646 2002 et
1684 1956 1718 2002 si

335 2053 355 2074 ›>
380 2030 489 2096 quid
521 2030 642 2075 aliter
681 2027 852 2090 sapitis,
886 2027 931 2072 id
956 2043 1132 2090 quoque
1172 2025 1297 2071 vohis
1325 2030 1441 2070 Deus
1478 2026 1714 2081 revelabit;

332 2125 350 2145 >s
377 2111 677 2162 verumtamen
693 2098 737 2143 in
766 2096 885 2160 quod
906 2097 1180 2160 pervenimus
1205 2095 1249 2139 in
1273 2111 1321 2139 eo
1344 2094 1615 2142 ambulemus
1632 2098 1668 2142 6.
1696 2118 1716 2138 »

333 2173 433 2219 Iluc
457 2170 638 2222 accedit,
659 2168 865 2232 quoniam
890 2167 1163 2213 fructuosum
1181 2176 1463 2216 sarmentum,
1487 2166 1522 2212 si
1552 2166 1718 2231 aliquid

332 2243 529 2290 habebat
550 2241 699 2287 adhuc
719 2238 1016 2303 purgandum,
1045 2238 1230 2298 gloriosa
1260 2237 1457 2299 martyrii
1473 2237 1582 2283 falce
1606 2244 1723 2303 pur-⁷

337 2325 484 2375 gatum
503 2323 563 2359 est
587 2329 598 2358 z
632 2329 720 2357 non
738 2311 840 2375 quia
859 2327 940 2374 pro
970 2308 1137 2354 Christi
1163 2307 1338 2353 nomine
1356 2306 1524 2353 occisus
1542 2319 1620 2365 est,
1643 2307 1718 2355 sed

339 2386 441 2450 quia
460 2401 542 2448 pro
567 2382 732 2429 Christi
772 2382 947 2428 nomine
973 2381 1018 2427 in
1045 2379 1206 2441 gremio
1232 2378 1410 2425 unitatis
1435 2380 1602 2426 occisus
1633 2390 1710 2427 est.

385 2495 395 2516 ¹
416 2492 499 2525 Psal.
519 2502 614 2534 χιιι,
633 2493 737 2525 18.—
753 2489 769 2513 ²
785 2502 801 2522 2
820 2493 898 2525 Cor.
912 2501 960 2534 xi,
976 2491 1091 2526 26.—
1106 2488 1120 2513 3
1134 2489 1256 2533 Philip.
1276 2501 1306 2528 1,
1326 2491 1428 2523 18.—-
1446 2487 1459 2512 4
1471 2489 1719 2533 Carthaginense

337 2549 415 2584 anni
435 2550 514 2582 256,
530 2547 570 2581 de
586 2546 824 2592 rebaptizandis
842 2546 1012 2581 haereticis.
1029 2565 1073 2574 —
1089 2544 1104 2570 5
1120 2549 1194 2579 ιον,
1211 2551 1321 2579 contra
1341 2555 1482 2589 quoque.
1497 2564 1542 2572 -—
1561 2543 1576 2567 ⁶
1593 2544 1714 2589 Philip.

336 2617 377 2639 ιιι
390 2629 398 2645 ,
424 2616 436 2636 1
446 2605 478 2639 6.
