1902 3268
359 265 370 293 1
387 248 441 309 γ’,
773 258 806 287 s.
852 256 1097 288 Aucus'nm
1132 257 1335 287 EPISCOPl

351 327 514 393 pigrius
548 334 821 370 moverentur
852 341 862 368 ε
901 323 1258 387 quandoquidem
1293 322 1451 379 multi,
1488 339 1595 387 quos
1618 323 1728 370 bene

351 398 553 445 novimus
569 433 579 451 ‚
597 394 766 440 reddita
786 394 869 438 sibi
893 395 1055 439 ratione
1075 405 1116 439 et
1136 394 1404 440 manifestata
1430 393 1588 440 divinis
1615 395 1729 440 testi-

351 469 507 515 moniis
526 467 725 518 veritate‚
748 464 1072 526 respondebant
1097 466 1224 510 nobis
1248 482 1406 529 cupere
1432 483 1474 511 se
1499 465 1545 510 in
1575 465 1730 511 Eccle-

353 541 425 585 siae
445 536 676 583 catholica}
699 534 1051 580 communionem
1074 536 1256 580 transire
1273 572 1284 591 ‚
1308 536 1382 581 sed
1406 536 1611 581 violentas
1634 552 1732 599 per-

353 610 542 655 ditorum
583 606 812 651 hominum
852 604 1099 650 inimicitias
1140 605 1398 660 formidare3
1424 623 1531 670 quas
1552 606 1732 669 quidem

356 697 436 744 pro
453 677 621 740 justitia
645 687 685 722 ct
703 693 782 739 pro
807 686 967 721 {eterna
985 676 1073 722 vita
1102 676 1252 739 utique
1272 688 1547 722 contemnere
1570 676 1734 722 debue-

355 762 459 799 runt
481 769 491 795 :
513 749 585 795 sed
607 749 755 794 talium
774 748 1026 804 infirmitas,
1045 747 1184 793 donec
1200 748 1314 793 firmi
1333 747 1591 805 efficiantur,
1609 747 1734 793 susti-

356 823 497 869 nenda
521 832 603 874 est,
626 837 712 865 non
731 818 1013 882 desperanda.
1036 820 1124 864 Nec
1143 818 1489 864 obliviscendum
1512 818 1736 881 quodipse

358 894 572 941 Dominus
594 891 742 937 adhuc
761 890 935 935 infirmo
959 891 1088 935 Petro
1104 889 1162 935 ait
1184 906 1195 934 :
1218 911 1238 931 α
1258 890 1356 934 Non
1375 899 1499 953 potes
1517 906 1583 934 me
1602 887 1736 934 modo

359 987 379 1008 »
405 964 546 1028 sequi,
569 961 755 1025 sequeris
782 972 923 1006 autem
940 960 1134 1024 post’eal.
1163 982 1183 1002 »
1210 961 1323 1006 Cum
1343 977 1444 1006 vero
1463 960 1615 1006 terrori
1640 958 1737 1005 utili

358 1036 558 1082 doctrina
583 1032 781 1078 salutaris
814 1032 1082 1092 adjungitur,
1105 1042 1152 1077 ut
1173 1049 1259 1077 non
1284 1031 1423 1078 solum
1450 1032 1649 1078 tenebras
1673 1048 1738 1077 er-

361 1107 465 1152 roris
488 1106 559 1150 lux
584 1103 774 1149 veritatis
798 1103 983 1165 expellat
1003 1140 1013 1158 ,
1037 1107 1319 1148 verumetiam
1359 1102 1484 1148 malae
1507 1113 1737 1148 consuetu-

359 1177 471 1223 dinis
498 1173 670 1221 vincula
689 1173 752 1218 vis
772 1173 936 1218 timoris
961 1173 1225 1236 abrumpat,
1254 1173 1308 1218 de
1329 1173 1564 1218 multorum
1584 1208 1596 1229 ,
1627 1172 1740 1218 sicut

359 1247 466 1302 dixi,
498 1245 632 1291 salute
664 1244 881 1300 laetamur,
915 1243 1266 1289 benedicentium
1292 1243 1521 1289 nobiscum
1540 1279 1551 1299 ,
1580 1253 1621 1288 et
1645 1259 1739 1303 gra-

361 1320 438 1365 tias
459 1317 675 1377 agentium
701 1316 790 1360 Deo
809 1314 928 1378 quod
951 1331 1025 1359 sua
1042 1314 1358 1377 pollicitatione
1381 1313 1598 1378 completa
1615 1350 1625 1368 ‚
1651 1329 1740 1377 qua

358 1406 475 1450 reges
498 1399 623 1433 terrae
648 1386 823 1431 Christo
849 1385 1086 1430 servituros
1119 1401 1206 1430 esse
1230 1385 1460 1448 promisit,
1487 1385 1547 1431 sic
1571 1383 1739 1430 curavit

359 1458 583 1507 morbidos
601 1494 610 1512 ‚
643 1458 702 1502 sic
727 1457 893 1501 sanavit
916 1457 1125 1503 infirmos.

425 1531 500 1576 lV.
531 1530 629 1574 Non
654 1527 794 1573 omnis
817 1527 892 1590 qui
917 1527 1076 1590 parcit,
1099 1527 1264 1573 amicus
1283 1537 1347 1572 est
1367 1544 1377 1571 :
1407 1543 1487 1572 nec
1509 1526 1649 1572 omnis
1664 1526 1741 1591 qui

360 1602 577 1656 verberat,
603 1599 820 1645 inimicus.
849 1620 869 1639 α
899 1598 1076 1643 Meliora
1097 1609 1197 1644 sunt
1220 1598 1400 1644 vulnera
1443 1598 1587 1650 amici,
1607 1610 1741 1660 quam

360 1695 381 1716 »
405 1672 648 1719 voluntaria
680 1669 824 1715 oscula
843 1669 1006 1714 inimici
1033 1669 1066 1715 2.
1085 1691 1105 1711 »
1132 1669 1284 1714 Melius
1309 1679 1371 1714 est
1392 1685 1493 1714 cum
1518 1669 1744 1714 severitate

362 1744 555 1804 diligere,
600 1758 730 1805 quam
767 1757 866 1786 cum
914 1740 1088 1786 lenitate
1112 1740 1326 1804 decipere.
1361 1740 1518 1786 Utilius
1539 1739 1743 1786 esurienti

362 1816 485 1880 panis
508 1812 692 1867 tollitur,
711 1811 744 1856 si
769 1811 822 1856 de
845 1811 946 1856 cibo
966 1812 1367 1871 securusjustitiam
1392 1811 1593 1872 negligat,
1607 1827 1743 1875 quam

362 1884 564 1932 esurienti
585 1882 709 1946 panis
735 1881 969 1942 frangitur,
997 1893 1044 1927 ut
1068 1882 1295 1941 injustitiae
1322 1882 1525 1928 seductus
1552 1881 1743 1945 acquies-

362 1967 446 2002 cat.
481 1954 626 2016 thui
654 1952 959 2015 phreneticum
985 1951 1108 2011 ligat,
1137 1962 1179 1996 et
1199 1952 1273 2015 qui
1296 1951 1589 2013 lethargicum
1625 1952 1742 1998 exci-

362 2038 442 2082 tat,
471 2024 686 2071 ambobus
729 2022 949 2078 molestus,
989 2023 1139 2067 ambos
1166 2031 1296 2070 amat.
1338 2024 1446 2081 Quis
1472 2041 1558 2069 non
1601 2029 1744 2088 potest

365 2097 552 2162 amplius
593 2110 750 2149 amare,
789 2110 919 2156 quam
960 2094 1105 2139 Deus?
1143 2094 1198 2138 Et
1221 2104 1361 2139 tamen
1395 2112 1471 2140 nos
1493 2112 1578 2141 non
1603 2094 1744 2140 solum

364 2171 518 2217 docere
538 2166 741 2220 suaviter,
761 2163 1042 2209 verumetiam
1064 2163 1296 2210 salubriter
1310 2175 1466 2211 terrere
1483 2182 1571 2211 non
1586 2174 1737 2211 cessat.

366 2238 583 2286 Fomentis
607 2235 797 2289 lenibus,
828 2234 989 2298 quibus
1022 2233 1289 2289 consolatur,
1324 2253 1438 2298 saepe
1458 2235 1586 2281 etiam
1622 2252 1744 2281 mor—

364 2311 642 2358 dacissimum
666 2305 1030 2351 medicamentum
1046 2305 1340 2351 tribulationis
1360 2306 1616 2367 adjungens,
1632 2322 1745 2351 exer-

366 2392 433 2429 cet
455 2381 567 2426 fame
584 2377 860 2423 Patriarchas
891 2376 1018 2421 etiam
1059 2376 1154 2439 pios
1182 2387 1221 2421 et
1247 2376 1489 2436 religiosos:
1526 2377 1745 2441 populum

367 2463 668 2501 contumacem
714 2447 858 2511 poenis
881 2447 1153 2508 gravioribus
1186 2447 1318 2508 agitat
1346 2464 1355 2493 :
1387 2463 1474 2493 non
1515 2448 1653 2494 aufert
1688 2447 1744 2493 ab

369 2521 577 2588 Apostolo
614 2518 838 2565 stimulum
877 2518 1017 2564 carnis
1054 2517 1179 2564 tertio
1197 2518 1678 2579 rogatus‚'utvirtutem
1700 2517 1745 2564 in

415 2611 424 2632 ¹
447 2611 542 2640 Joan.
564 2616 640 2646 λιιι,
664 2606 719 2638 36.
740 2621 781 2627 -
798 2601 1107 2645 2t'1·0x=.uv11‚‹3,
