1902 3268
625 240 835 271 EPISTOLA
872 242 998 271 txxv.
1449 238 1507 282 05

136 309 297 354 niciosa
315 307 402 362 his,
428 305 504 370 qui
530 321 575 351 ea
600 304 776 360 vellent,
803 306 915 351 sicut
934 324 956 352 a
978 308 1231 370 parentibus
1256 328 1333 373 per
1349 315 1506 374 Legem

138 387 408 441 acceperant,
434 374 664 422 custodire.
686 376 700 437 ]
728 377 916 422 Rursum
938 377 1118 441 obsecro
1144 389 1202 435 te,
1225 391 1273 425 ut
1307 399 1413 444 pace
1437 395 1509 431 tua

137 463 282 493 meum
314 446 509 493 dolorem
544 445 706 493 audias.
742 446 998 494 Judaeorum
1031 448 1194 495 Paulus
1234 457 1513 501 caeremonias

136 517 397 564 observabat
415 534 514 563 cum
547 521 639 577 jam
660 517 692 561 C
702 516 948 564 hristi'esset
971 520 1202 582 Apostolus
1219 558 1228 568 .
1256 522 1293 567 ei
1313 521 1420 569 dicis
1442 540 1512 571 eas

137 603 227 634 non
265 605 352 634 csse
379 587 642 651 perniciosas
667 586 752 643 liis,
791 588 867 651 qui
911 606 980 634 eas
1008 589 1192 645 vellent,
1234 592 1347 637 sicut
1373 612 1394 638 a
1426 613 1512 658 pa—

138 657 335 704 rentibus
352 667 627 720 acceperant,
651 657 898 703 custodire?
928 659 1018 717 Ego
1047 676 1069 703 e
1096 662 1314 705 commi-io
1342 662 1511 726 loquar,

138 739 181 774 et
222 728 484 774 reclamante
514 726 698 781 mundo,
736 727 872 772 libera
899 744 1023 773 voce·
1046 732 1341 792 pronuntiem,
1380 751 1517 780 ‹tzere-

139 799 307 844 monias
324 797 580 844 Judaeorum
598 808 638 842 et
657 798 918 860 perniciosas
934 816 1036 854 esee,
1061 810 1102 844 et
1116 802 1354 848 mortiferas
1372 805 1522 851 Chris·

141 868 293 925 tianis;
330 879 373 914 et
400 869 668 932 quicumque
706 885 774 913 eas
819 868 1112 915 observaverit
1143 872 1230 917 sive
1253 891 1301 918 ex
1336 874 1516 922 iudaeis.

141 939 228 985 sive
244 957 291 986 ex
319 939 544 1000 gentibus,
567 955 663 984 eum
687 938 731 983 in
750 938 1008 984 barathrum
1036 939 1202 987 diaboli
1246 942 1516 993 devolutum.

141 1003 299 1055 «Finis
317 1009 431 1055 enim
454 1009 578 1069 Legis
615 1009 817 1054 Christus
842 1008 1127 1069 adjustitiam
1155 1014 1274 1058 omni
1309 1016 1520 1064 credenti.

142 1101 164 1123 >³
181 1079 336 1128 Judaeo
360 1079 524 1126 scilicet
546 1090 590 1125 et
608 1079 804 1139 gentili1.
831 1102 851 1121 ³>
873 1082 1024 1144 'Neque
1050 1083 1163 1127 enim
1197 1085 1314 1130 omni
1334 1086 1530 1133 credenti

143 1150 337 1197 eritfinis
362 1149 417 1196 ad
437 1150 669 1210 justitiam,
696 1150 729 1194 si
754 1149 936 1195 Judaeus
967 1152 1194 1214 excipitur.
1229 1154 1284 1198 lit
1306 1155 1349 1200 in
1390 1157 1529 1202 livan-

144 1221 254 1282 gelio
271 1221 470 1282 legimus,
499 1241 519 1261 «
540 1222 625 1265 Lex
641 1231 682 1265 et
701 1220 939 1282 Propheta³
959 1237 1092 1284 usque
1110 1222 1163 1267 ad
1187 1226 1395 1270 Joannem
1418 1228 1532 1289 Bap-

144 1313 166 1334 ›>
188 1293 330 1339 tistam
350 1292 384 1338 ⁵².
410 1313 431 1333 >2
459 1291 514 1335 Et
535 1290 580 1336 in
599 1290 683 1335 alio
698 1289 811 1345 loco,
836 1312 855 1331 α
876 1292 1114 1354 Propterea
1139 1309 1238 1351 ergo
1260 1295 1392 1353 magis
1415 1313 1531 1358 qine-

145 1383 168 1406 »
189 1363 340 1409 rebant
363 1378 462 1407 eum
485 1360 629 1406 Judaei
655 1360 917 1415 interficere,
940 1364 1042 1424 quia
1066 1379 1155 1407 non
1177 1363 1315 1408 solum
1338 1365 1536 1412 solvebat

146 1453 168 1475 »
189 1433 422 1479 sabbatum
446 1451 458 1485 ;
502 1430 575 1476 sed
601 1441 642 1475 et
667 1431 840 1476 Patrem
877 1447 1002 1476 suum
1044 1431 1218 1478 dicebat
1246 1451 1330 1479 esse
1362 1436 1496 1481 Deum
1519 1476 1528 1491 ‚

145 1526 167 1546 υ
192 1502 403 1568 aequalem
422 1518 463 1546 se
485 1500 645 1546 faciens
664 1502 768 1548 Deo.
801 1523 820 1542 ›>
851 1502 903 1545 Et
927 1502 1100 1558 iterum,
1126 1523 1146 1543 «
1168 1503 1231 1547 De
1260 1505 1532 1566 plenitudine

146 1594 168 1616 >2
190 1578 281 1633 ejus
305 1590 381 1618 nos
399 1588 547 1617 omnes
575 1571 839 1634 accepimus,
860 1582 902 1616 et
925 1573 1106 1631 gratiam
1140 1590 1220 1636 pro
1247 1575 1402 1633 gratia,
1423 1578 1527 1639 quia

148 1666 170 1688 ι)
194 1648 278 1690 Lex
296 1661 375 1708 per
400 1645 578 1705 Moysen
597 1642 696 1688 data
712 1653 792 1698 est,
821 1645 954 1703 gratia
978 1654 1116 1689 autem
1133 1656 1174 1690 et
1194 1646 1346 1692 veritas
1367 1665 1445 1710 per
1460 1652 1534 1694 Je-

150 1734 171 1758 >2
189 1731 284 1760 sum
311 1714 535 1759 Christum
560 1713 672 1758 facta
691 1724 752 1758 est
777 1714 808 1760 3.
832 1735 852 1755 »
878 1716 965 1759 Pro
986 1715 1106 1775 Legis
1124 1717 1276 1775 gratia,
1302 1735 1534 1781 ‹ju-[eprae-

151 1785 265 1840 terit,
288 1785 472 1845 gratiam
498 1783 717 1843 Evangelii
745 1784 992 1847 accepimus
1015 1797 1363 1848 permanenteim
1390 1800 1430 1833 et
1451 1805 1530 1851 pro

149 1856 335 1905 umbris,
367 1865 408 1900 et
444 1854 708 1914 imaginibus
733 1855 886 1900 veteris
934 1855 1232 1910 instrumenti,
1276 1858 1432 1904 veritas
1456 1876 1533 1922 per

148 1930 291 1973 Jesum
318 1925 544 1972 Christum
581 1924 698 1970 facta
737 1935 811 1972 est.
851 1929 1056 1971 ‚Ieremias
1079 1942 1255 1989 quoque
1281 1945 1327 1972 ex
1355 1946 1534 1990 persona

151 1996 230 2043 Dei
257 1996 534 2050 vaticinatur,
560 2015 580 2034 «
604 1997 716 2040 Ecce
740 1994 829 2040 dies
848 1996 1027 2041 veniunt
1046 2034 1056 2051 ,
1085 1997 1193 2041 dicit
1223 1999 1459 2054 Dominus;
1487 2012 1529 2045 et

152 2088 174 2109 »2
195 2065 512 2113 consummabo
536 2064 689 2110 domui
713 2065 866 2121 lsrael,
892 2077 933 2111 et
956 2065 1108 2112 domui
1133 2067 1250 2113 Juda
1272 2068 1527 2116 Testamen-

153 2159 174 2181 »
197 2147 291 2184 tum
314 2138 509 2192 Novum,
535 2152 622 2181 non
640 2135 878 2182 secundum
895 2138 1238 2193 Testamentum,
1254 2139 1374 2202 quod
1386 2139 1530 2204 dispo-

153 2229 175 2251 ›>
198 2208 263 2254 sui
283 2207 483 2271 patribus
500 2222 671 2261 eorum,
689 2205 733 2250 in
748 2205 835 2258 die,
858 2206 1036 2269 quindo
1055 2208 1329 2270 apprehendi
1352 2227 1529 2256 manum

154 2303 174 2323 »
198 2296 366 2335 eorum,
390 2288 440 2324 ut
459 2276 688 2323 educerem
720 2293 790 2323 eos
806 2276 860 2323 de
882 2289 991 2324 terra
1019 2280 1205 2341 :Egyptii
1221 2278 1254 2326 Δ.
1288 2302 1308 2322 »
1334 2280 1530 2328 Observa

154 2349 260 2414 quid
275 2349 409 2404 dicat,
435 2347 555 2411 quod
579 2364 667 2393 non
692 2347 858 2411 populo
886 2349 1130 2405 gentilium,
1155 2348 1191 2394 ei
1216 2349 1293 2412 qui
1319 2361 1416 2396 ante
1442 2369 1529 2398 non

155 2430 375 2484 receperat
394 2419 736 2473 Testamentum,
769 2418 841 2463 sed
864 2418 1033 2482 populo
1056 2418 1330 2477 Judaeorum,
1358 2421 1429 2467 cui
1447 2423 1531 2467 Le-

204 2521 327 2552 ¹Rom.
346 2529 378 2557 x,
397 2524 429 2554 4.
443 2515 516 2541 ...2
537 2515 651 2550 Mam».
674 2527 720 2556 xi,
750 2527 784 2549 12
801 2513 876 2541 ...³
892 2514 969 2550 Luc.
981 2526 1046 2554 xv-‚
1067 2520 1103 2551 16
1117 2529 1127 2561 ;
1143 2520 1240 2552 Joan.
1257 2531 1289 2562 v,
1310 2521 1362 2558 18,
1378 2527 1407 2552 et
1430 2533 1453 2553 ι.
1478 2526 1514 2552 it)

158 2592 200 2600 -
217 2572 232 2596 ⁴
251 2576 370 2609 Jerem.
389 2584 476 2609 xxxi,
501 2574 551 2603 31.

323 2642 465 2673 cxtw.
1382 2635 1405 2674 i,
