1902 3268
659 311 1012 343 ANNOTAnoNEs.
1437 300 1529 358 543

155 377 273 426 Coss.
299 395 413 425 anno
431 378 539 425 Chr.
571 379 663 424 303
697 379 817 442 isque
840 377 1007 424 idcirco
1041 376 1085 423 in
1114 377 1337 437 Judicium
1361 378 1524 427 induc-

152 458 221 493 tus
246 458 335 504 est,
371 459 419 494 ut
442 465 487 494 ex
518 453 612 508 eius
637 448 721 494 fide
744 459 850 495 etex
879 448 1019 494 Gestis
1038 447 1381 512 municipalibus
1405 450 1527 514 apud

149 517 294 580 ipsum
327 519 430 564 olim
469 519 677 565 confectis
723 519 1049 578 im'estigaretur
1083 529 1229 564 utrum
1267 519 1381 564 Felix
1407 521 1526 583 epis-

148 603 288 650 copus
322 589 548 635 Caeciliani
590 590 816 635 ordinator
854 588 1115 652 prodidisset
1156 605 1298 635 sacros
1333 589 1518 639 codices

150 658 358 704 Eamdem
381 659 439 704 ol)
464 676 635 705 causam
661 660 805 705 vocati
831 670 930 704 sunt
951 659 1160 722 Superius
1180 660 1401 716 centurio,
1423 660 1525 723 quia

148 728 354 774 nimirum
388 730 602 776 militibus
626 742 667 776 et
692 731 943 776 centurione
975 730 1211 775 utebantur
1252 730 1525 789 magistratus

144 813 244 843 cum
270 799 520 862 Scripturas
554 817 575 844 a
601 800 863 846 Christianis
892 801 935 845 vi
959 810 1288 862 extorquerent,
1321 810 1361 845 et
1387 800 1524 846 Alfius

144 868 406 914 Caecilianus
426 906 436 924 ‚
468 869 587 932 quod
622 869 813 929 eiusdem
853 869 1164 933 persecutionis
1200 880 1395 934 tempore
1427 887 1524 916 ma-

144 938 370 996 gistratum
396 955 468 984 seu
499 939 829 985 duumviratum
855 939 1086 1003 municipii
1114 940 1404 1003 Aptungensis
1433 957 1522 1001 ges-

144 1008 282 1066 sisset,
310 1009 518 1074 quothue
540 1011 823 1057 examinanda
842 1021 946 1056 esset
971 1010 1108 1073 ipsius
1127 1011 1180 1056 ad
1200 1010 1381 1057 Felicem
1398 1011 1523 1075 Epis-

146 1075 246 1126 tola.
280 1079 476 1126 Calibius
502 1097 604 1127 vero
635 1081 786 1140 junior
814 1082 890 1145 qui
918 1081 1039 1145 apud
1070 1081 1286 1145 Optatum
1325 1082 1521 1128 Calidius

144 1146 382 1196 Gratianus
404 1151 652 1215 appellatur
671 1189 681 1208 ‚
710 1151 814 1216 quia
841 1164 1017 1197 curator
1040 1162 1129 1197 erat
1158 1156 1248 1212 eJus
1272 1152 1373 1198 anni
1390 1189 1402 1210 ,
1431 1155 1519 1199 sci·-

142 1218 244 1265 licet
269 1220 378 1278 314.
408 1238 497 1284 quo
521 1221 767 1282 agitabatur
781 1221 963 1286 quaestio
990 1221 1043 1268 de
1065 1222 1224 1279 Felice,
1252 1223 1418 1270 accitus
1436 1233 1514 1280 est,

142 1283 251 1336 forte
275 1301 324 1336 ut
353 1293 463 1338 Acta
489 1292 774 1355 municipalia
802 1292 1008 1356 temporis
1034 1293 1268 1357 superioris
1295 1293 1521 1354 magistra-

144 1369 235 1406 tum
260 1360 484 1425 proferret.

480 1494 737 1526 ANNOTArio
775 1480 875 1542 (23)
909 1495 1008 1543 pag.
1057 1480 1159 1534 143.

209 1602 459 1663 Legendum
506 1603 628 1649 haud
666 1603 801 1649 dubie
837 1619 925 1648 uno
963 1603 1096 1648 verbo
1119 1639 1130 1659 ,
1183 1602 1509 1661 exduumviri,

144 1672 296 1733 agitur·
318 1690 474 1738 nempe
510 1673 564 1720 de
592 1673 691 1720 Alfii
731 1673 957 1719 Caeciliani
988 1671 1184 1736 Epistola
1213 1673 1269 1720 ab
1296 1675 1390 1739 ipso
1414 1687 1515 1741 post

143 1743 472 1791 duumviratum
501 1745 696 1809 scripta,
738 1754 786 1790 ut
827 1753 946 1808 patet
982 1760 1030 1789 ex
1068 1744 1208 1790 Gestis
1241 1746 1514 1807 purgationis

146 1814 315 1863 Felicis.

553 1949 809 1980 Amorum
845 1934 947 1995 (24)
966 1929 1092 1980 ibid.

208 2066 364 2110 Censet
385 2064 595 2110 Baronius
614 2064 728 2110 hanc
751 2064 989 2128 Epistolam
1012 2063 1066 2110 ad
1085 2063 1357 2109 Probianum
1376 2064 1516 2128 scrip-

145 2146 229 2180 tam
263 2152 350 2181 esse
385 2146 482 2180 ante
504 2135 746 2180 Arelatense
766 2135 1001 2181 concilium
1033 2134 1134 2180 anni
1158 2135 1265 2190 314.
1299 2144 1340 2179 et
1363 2134 1516 2194 Ingen-

143 2206 251 2251 tium
277 2205 461 2251 concilio
479 2205 585 2251 huic
603 2205 846 2251 exhibitum
867 2206 988 2251 dicit.
1019 2209 1181 2250 Contra
1198 2203 1410 2249 Henricus
1424 2204 1514 2251 Va-

143 2275 270 2321 lesius
293 2275 478 2322 affirmat
497 2275 645 2321 datam
670 2275 907 2337 Epistolam
929 2274 1158 2320 consulatu
1178 2273 1455 2319 Constantini
1473 2285 1516 2320 et

143 2356 184 2390 et
210 2346 368 2391 Licinii
396 2345 473 2401 lv,
495 2345 541 2391 id
565 2357 644 2401 est,
667 2364 734 2391 an.
765 2346 872 2392 315.
898 2362 984 2408 quo
1002 2362 1113 2390 auno
1135 2344 1387 2390 Petronium
1403 2345 1516 2390 Pro-

142 2416 322 2462 bianum
340 2416 643 2479 proconsulem
663 2415 821 2461 lifricae
837 2415 965 2461 fuisse
985 2425 1170 2470 constat,
1186 2431 1286 2460 cum
1305 2431 1351 2459 ex
1366 2414 1518 2470 codice

144 2485 311 2532 Theod.
336 2487 381 2531 in
406 2487 469 2532 tit.
500 2486 554 2531 do
574 2485 792 2549 Appellat.
823 2496 914 2530 tuin
935 2503 982 2531 ex
1006 2502 1053 2530 eo
1073 2484 1192 2547 quod
1208 2484 1420 2539 ,Elianus,
1440 2484 1516 2547 qui

143 2560 233 2616 eJus
259 2556 544 2619 praedecessor
568 2556 642 2601 hic
661 2555 839 2612 dicitur,
865 2554 1225 2619 proconsulatum
1250 2553 1408 2600 Africae
1422 2571 1515 2599 sus-

144 2627 321 2673 tinuerit
347 2626 572 2673 consulatu
598 2626 820 2673 Volusiani
843 2637 885 2672 et
902 2626 1112 2683 Anniani,
1135 2625 1182 2673 id
1200 2636 1279 2683 est,
1303 2641 1370 2671 an.
1400 2624 1506 2680 314.
