1902 3268
674 266 891 300 EPISTOLA
925 266 1048 300 cxxi.
1474 262 1566 317 423

184 337 381 401 apostolo
411 336 579 383 Joanne
595 372 608 393 ,
637 355 658 378 «
676 333 852 391 Mulier,
883 350 983 381 ecce
1005 335 1119 382 filius
1134 347 1236 383 tuus
1262 338 1481 405 :itemque
1505 342 1570 389 illi

186 406 389 454 »ibidem
411 404 680 462 consistenti,
722 406 836 452 Ecce
853 416 994 451 mater
1014 416 1087 452 tua
1101 405 1134 453 4.
1167 428 1187 450 2>
1211 411 1303 455 Jam
1329 411 1492 457 scilicet
1513 413 1569 459 ab

182 477 379 524 humana
402 477 652 538 fragilitate,
674 493 762 540 qua
784 486 875 523 erat
905 486 1031 523 natus
1064 494 1111 523 ex
1134 478 1332 537 foemina,
1360 497 1438 544 per
1472 499 1569 529 cru-

182 547 245 595 cis
278 557 464 594 mortem
502 547 745 607 demigrans
782 546 828 591 in
863 547 1148 593 aeternitatem
1172 549 1284 605 Dei,
1330 561 1378 596 ut
1397 563 1503 597 esset
1524 553 1570 598 in

180 618 318 680 gloria
343 619 424 665 Dei
447 618 606 673 Patris,
632 617 803 677 delegat
818 617 985 663 homini
1017 622 1117 678 jura
1145 620 1320 682 pietatis
1339 621 1566 680 humanae,

179 700 224 736 et
242 706 290 736 ex
314 690 551 754 Discipulis
574 690 661 736 suis
676 688 1061 736 adolescentiorem
1081 690 1217 749 eligit,
1236 702 1284 737 ut
1302 695 1568 740 convenien-

180 770 245 806 ter
257 759 439 820 assignet
463 758 622 820 virgini
644 758 854 822 Apostolo
870 759 1080 819 virginem
1101 770 1281 805 matrem
1307 778 1317 805 :
1342 761 1430 807 duo
1453 764 1569 826 pari-

179 840 244 876 ter
267 830 312 877 in
333 829 485 876 eadem
497 830 708 876 sententia
720 829 896 883 docem,
919 828 1105 874 formam
1118 829 1291 892 pietatis
1312 831 1566 896 relinquens

178 899 324 957 nobis,
355 915 457 946 cum
481 909 543 946 est
569 899 623 945 de
662 908 800 944 matre
825 897 1036 944 sollicitus
1060 909 1110 944 ut
1136 916 1268 964 quam
1292 901 1568 966 relinquebat

177 986 380 1034 corpore,
424 986 514 1016 non
535 969 798 1033 relinqueret
815 985 944 1024 cura3
977 969 1050 1015 sed
1076 986 1155 1016 nec
1176 987 1360 1035 corpore
1382 972 1567 1021 relictu-

177 1055 250 1086 rus
267 1076 279 1096 ,
306 1040 411 1103 quia
430 1056 562 1103 quem
583 1039 762 1086 videbat
782 1038 1038 1085 morientem
1054 1077 1065 1096 ,
1088 1057 1185 1085 mox
1203 1052 1296 1087 erat
1324 1042 1470 1089 visura
1496 1060 1565 1090 re·-

174 1107 374 1157 divivum
402 1121 480 1156 :et
513 1109 625 1156 illud
656 1109 777 1173 quod
813 1108 868 1155 ad
905 1109 1036 1156 fidem
1076 1111 1275 1157 omnium
1309 1113 1561 1175 pertineret,

174 1180 443 1227 salutiferum
464 1181 638 1244 pietatis
673 1196 764 1226 suae
781 1191 1100 1226 sacramentum
1137 1198 1292 1227 arcana
1328 1182 1468 1230 divini
1488 1201 1563 1230 ra·-

174 1250 292 1297 tione
310 1251 481 1297 consilii
519 1251 602 1297 sub
623 1251 710 1296 hac
735 1267 841 1297 voce
874 1250 1155 1310 consignans,
1200 1262 1249 1297 ut
1273 1252 1345 1298 alii
1381 1265 1565 1301 matrem

173 1320 390 1382 delegaret
412 1339 495 1385 pro
517 1332 654 1368 matre
671 1321 940 1378 habendam,
964 1332 1005 1366 et
1018 1323 1111 1367 vice
1129 1338 1206 1368 sua
1229 1323 1558 1383 consolandam,

174 1402 304 1455 atque
326 1391 391 1438 illi
414 1391 605 1438 vicissim
629 1407 791 1437 novum
817 1391 956 1437 filium
978 1392 1072 1437 vice
1101 1393 1300 1456 corporis
1334 1394 1400 1440 sui
1416 1395 1563 1441 trade-

171 1472 254 1519 ret,
277 1463 384 1518 imo,
411 1471 460 1507 ut
493 1461 554 1507 ita
588 1461 767 1506 dixerim
787 1497 798 1517 ,
826 1461 1016 1521 gigneret
1040 1479 1050 1506 ι
1078 1478 1167 1525 quo
1199 1463 1442 1511 ostenderet
1465 1482 1559 1512 eam

171 1543 334 1596 praeter
357 1549 417 1586 se,
456 1532 604 1596 quiex
636 1549 685 1577 ea
721 1532 887 1593 virgine
921 1544 1049 1578 natus
1070 1544 1193 1591 esset,
1240 1551 1319 1580 nec
1355 1535 1560 1583 habuisse

171 1602 329 1659 filium,
351 1620 432 1648 nec
451 1603 645 1656 habere3
671 1604 776 1665 quia
802 1620 882 1649 nec
914 1603 1115 1650 Salvator
1153 1615 1379 1669 tantopere
1408 1624 1557 1654 curam

171 1671 226 1718 de
242 1672 394 1718 solatio
413 1672 638 1717 habuisset
653 1676 761 1731 ejus,
783 1673 818 1717 si
842 1672 905 1718 illi
934 1673 1088 1719 unicus
1107 1690 1194 1719 non
1213 1674 1378 1723 fuisset.
1406 1698 1426 1718 »

236 1742 402 1789 XVIII.
432 1763 451 1784 a
471 1742 557 1788 Sed
582 1742 806 1788 redeamus
841 1743 893 1788 ad
924 1744 1057 1790 verba
1093 1743 1321 1803 Simeonis,
1362 1747 1408 1792 in
1442 1764 1558 1812 quo-

169 1829 266 1860 rum
293 1812 487 1859 clausula
503 1813 774 1860 intellectum
790 1831 933 1859 meum
954 1814 1138 1875 caligare
1150 1814 1304 1863 fateor.
1327 1822 1415 1864 «Et
1432 1829 1552 1866 tuam

170 1904 191 1925 >2
215 1884 362 1948 inquit
377 1921 387 1940 ,
412 1883 604 1929 animam
628 1885 916 1947 pertransibit
938 1885 1099 1932 framea
1116 1923 1126 1940 ,
1154 1888 1237 1933 vel
1247 1923 1257 1945 ,
1286 1888 1479 1948 gladius,
1510 1902 1558 1937 ut

167 1974 191 1997 ω
214 1954 464 2001 revelentur
475 1954 718 2000 multorum
735 1955 937 2001 cordium
955 1957 1285 2017 cogitationes.»
1306 1959 1558 2007 Secundum

166 2024 359 2072 litteram
385 2025 474 2071 hoc
506 2025 620 2071 mihi
646 2026 820 2089 penitus
844 2027 1080 2073 obscurum
1110 2039 1172 2074 est
1190 2066 1201 2085 ,
1231 2030 1334 2093 quia
1354 2048 1433 2078 nec
1454 2036 1557 2078 Ma-

166 2097 278 2142 riam
297 2096 593 2142 beatissimam
621 2113 807 2160 usquam
838 2098 1020 2158 legimus
1051 2100 1236 2146 occisam
1257 2138 1269 2157 ,
1300 2112 1349 2147 ut
1373 2102 1427 2149 de
1453 2120 1556 2149 cor-

164 2166 311 2230 porali
341 2166 486 2227 gladio
506 2168 694 2214 Sanctus
721 2168 795 2214 ille
819 2170 857 2215 ei
879 2169 1074 2216 futuram
1095 2172 1337 2234 passionem
1365 2174 1560 2237 prophe-

165 2247 276 2283 tasse
299 2237 512 2285 videatur.
551 2237 636 2284 Sed
670 2249 713 2284 et
740 2240 863 2302 quod
897 2242 1083 2301 subjecit
1123 2260 1133 2286 :
1173 2263 1193 2284 «
1224 2243 1283 2288 Ut
1313 2244 1558 2290 revelentur

168 2327 190 2350 υ
212 2308 453 2354 multorum
475 2308 677 2356 cordium
713 2311 993 2370 cogitationes
1010 2313 1042 2359 2.
1082 2313 1292 2359 Scrutans
1318 2315 1456 2371 enim,
1481 2315 1555 2361 in·

165 2399 189 2422 »
204 2379 334 2443 quit,
368 2378 504 2425 corda
538 2389 582 2425 et
621 2397 741 2427 renes
774 2381 892 2428 Deus
911 2382 943 2430 3.
977 2402 998 2424 ›>
1025 2383 1081 2428 Et
1119 2383 1175 2430 de
1208 2383 1357 2430 futuro
1383 2385 1557 2446 J'udicio

167 2449 404 2513 Apostolus
431 2451 490 2497 ait
507 2487 518 2507 ,
544 2451 649 2516 quia
678 2462 783 2498 tunc
807 2454 1102 2499 manifestabit
1129 2455 1244 2501 Deus
1270 2467 1422 2519 operta
1451 2474 1555 2505 cor·-

167 2520 291 2569 dium
316 2531 362 2568 et
389 2521 563 2568 occulta
586 2523 869 2570 tenebrarum
884 2524 917 2572 4.
949 2524 1113 2588 Itidem
1131 2526 1367 2589 Apostolus
1383 2565 1393 2584 ,
1421 2529 1553 2592 spiri·-

213 2603 229 2628 '¹
244 2606 338 2638 Joan.
356 2604 677 2648 xux,26.—²Luc.
701 2620 734 2645 ιι,
751 2607 865 2639 35.-
887 2605 901 2631 3
926 2609 1211 2645 Psa¹.v‚1‚10.--
1227 2605 1434 2649 ⁴1C0r.=v‚
1455 2615 1486 2643 5,
