1902 3268
655 298 866 330 EPISTOLA
902 300 990 329 le.
1486 303 1514 347 9

140 440 316 457 ΜΜ-ἏἉΛΙ
330 441 545 456 ’ΛΧᾺκᾺᾺΛΑΜ
564 441 1425 461 181ιιΝΜΣΆΝἏΜΧΜΜὶΑΝΚἏῚΑὯΚΝΝἉΝῑἋΚΑΛΜἉΜΛΑΜ
1441 446 1510 462 ΛΜ

608 554 874 598 EPISTOLA
907 555 1003 599 LIX
1024 555 1054 597 ³.

210 674 383 713 Domino
410 674 638 713 beatissimo
667 682 704 712 et
735 674 956 713 venerabili
976 676 1078 725 patri
1106 683 1145 713 et
1164 676 1431 716 consacerdoti

336 736 555 775 memm
572 765 581 782 ,
603 736 843 774 ΑσῡυετιΝυε
865 738 904 773 in
925 735 1100 775 Domino
1121 735 1304 775 salutem.

129 868 408 924 Augustinus
437 866 667 907 Victorino
697 866 937 908 concilium
967 870 1248 917 convocanti,
1283 883 1509 914 (ηεαδ-ατο-

189 937 260 977 ria
277 969 286 985 ‚
311 951 447 990 quare
465 936 522 976 act
545 935 786 976 nomiliam
805 951 897 976 non
922 947 1135 977 venturus
1163 938 1217 978 sic
1238 953 1251 978 .·
1274 953 1437 996 rogans
1462 950 1509 982 ut

181 1005 309 1060 prius
331 1018 431 1044 cum
459 1002 689 1058 Xantippo
721 1018 852 1059 super
872 1005 981 1058 jure
1010 1005 1233 1060 primatus
1268 1015 1306 1046 et
1330 1007 1510 1048 concilii

185 1071 459 1113 convocandi
475 1071 651 1128 placide
671 1081 917 1128 componat.

190 1200 224 1244 1.
252 1199 520 1244 'summm
561 1197 614 1243 ad
647 1215 714 1244 me
749 1199 906 1262 quinto
930 1198 1034 1245 Idus
1068 1200 1328 1246 Novembris
1369 1202 1502 1257 venit,

117 1273 206 1329 jam
224 1269 347 1315 finito
361 1268 448 1325 die,
468 1279 509 1314 et
526 1286 592 1314 me
612 1269 1057 1332 valdeindispositum
1079 1271 1263 1325 invenit,
1282 1281 1330 1316 ut
1350 1288 1506 1316 occur-

122 1357 213 1386 rere
248 1340 425 1386 omnino
449 1356 538 1384 non
562 1356 746 1403 possem.
780 1340 1090 1386 Verumtamen
1126 1342 1213 1387 sive
1240 1341 1505 1404 imperitiam

121 1428 259 1457 meam
284 1410 482 1465 moverit,
519 1411 606 1456 sive
624 1414 740 1470 juste
780 1422 923 1457 motus
945 1412 1022 1457 sim
1043 1450 1053 1467 ‚
1094 1423 1181 1458 tuae
1203 1412 1441 1458 sanctitatis
1464 1422 1506 1458 et

119 1481 339 1541 gravitatis
365 1491 426 1527 est
446 1481 664 1528 arbitrari.
698 1481 802 1541 Legi
826 1482 872 1527 in
897 1482 1044 1528 cadem
1075 1483 1278 1528 tractoria
1296 1482 1424 1528 etiam
1448 1483 1503 1528 ad

120 1552 403 1598 Mauritanias
439 1569 526 1597 esse
562 1551 795 1616 scriptum,
818 1570 925 1616 quas
962 1554 1211 1617 provincias
1231 1554 1390 1599 scimus
1408 1570 1505 1600 suos

117 1623 280 1669 habere
318 1622 537 1687 primates.
571 1623 703 1680 Quod
723 1624 756 1670 si
775 1635 816 1670 et
832 1642 879 1670 ex
903 1625 960 1670 eis
977 1624 1030 1670 ad
1052 1625 1304 1671 Numidiam
1334 1642 1502 1670 convo-

117 1694 308 1740 candum
341 1704 447 1740 esset
481 1694 716 1740 concilium
759 1696 956 1759 oportuit
992 1695 1141 1760 utique
1173 1706 1222 1741 ut
1256 1695 1503 1758 aliquorum

118 1764 374 1810 Maurorum
393 1764 699 1828 episcoporum
715 1766 790 1829 qui
811 1765 901 1811 illic
925 1767 1090 1829 priores
1109 1776 1225 1821 sunt,
1258 1767 1434 1813 nomina
1457 1766 1503 1811 in

114 1833 160 1879 iu
198 1834 402 1880 tractoria
423 1845 691 1897 ponerentur
712 1853 722 1880 ι
744 1835 867 1899 quod
892 1837 935 1882 in
959 1836 1038 1882 ista
1059 1836 1263 1882 tractoria
1292 1852 1377 1880 non
1431 1854 1502 1881 re-

115 1906 301 1968 periens,
329 1905 516 1951 multum
543 1905 851 1953 miratus'sum.
878 1907 1042 1952 Deinde
1067 1906 1121 1952 ad
1147 1907 1263 1970 ipsos
1288 1905 1500 1952 Numidas

113 1976 172 2022 ita
198 1977 457 2040 perturbato
492 1987 534 2022 et
560 1977 754 2037 neglecto
782 1977 934 2024 ordine
976 1978 1209 2041 scriptum,
1250 1987 1299 2022 ut
1340 1994 1497 2023 nomen

113 2065 259 2094 meum
274 2049 402 2093 tertio
431 2047 528 2094 loco
556 2048 813 2105 invenerim,
833 2049 910 2113 qui
935 2050 1036 2096 novi
1065 2066 1196 2113 quam
1222 2059 1321 2112 post
1341 2048 1500 2095 multos

112 2119 341 2182 episcopos
374 2118 514 2165 factus
538 2119 632 2166 sim.
664 2121 778 2176 Quae
804 2138 868 2166 res
889 2132 930 2167 et
949 2121 1042 2166 aliis
1064 2120 1270 2180 injuriosa
1294 2130 1354 2165 est
1378 2120 1495 2176 satis,

113 2190 283 2236 etmihi
310 2189 539 2237 invidiosa.
574 2193 787 2237 Praeterea
809 2191 1066 2237 venerabilis
1100 2191 1232 2236 frater
1262 2202 1303 2236 et
1333 2191 1498 2250 collega

111 2271 254 2307 noster
282 2261 537 2324 Xantippus
561 2261 824 2321 Tagonensis
849 2261 957 2317 dici,
999 2261 1122 2326 quod
1154 2278 1252 2306 eum
1282 2261 1498 2324 primatus

110 2332 203 2395 ipse
222 2332 463 2392 contingat,
484 2341 526 2377 et
551 2347 650 2391 erga
671 2331 884 2395 plurimos
904 2333 963 2378 sic
986 2333 1193 2388 hahetur,
1215 2342 1255 2377 et
1276 2332 1377 2378 tales
1399 2332 1497 2378 mit-

112 2404 163 2448 tit
177 2402 394 2466 epistolas,
422 2402 510 2459 Qui
530 2402 659 2448 etiam
685 2420 820 2460 error,
841 2404 874 2449 si
898 2403 1023 2449 facile
1045 2404 1158 2449 inter
1170 2413 1355 2448 vestram
1374 2420 1497 2448 sanc-

111 2474 274 2519 titatem
298 2474 502 2533 cognosci
524 2483 566 2519 et
603 2473 761 2535 corrigi
785 2485 946 2538 potest,
979 2491 1068 2519 non
1093 2473 1246 2519 debuit
1267 2484 1410 2520 tamen
1452 2473 1495 2519 in

157 2575 166 2597 ¹
191 2574 278 2605 Alias
293 2585 412 2606 ccxxix.
431 2585 501 2616 quae
519 2579 623 2605 amem
645 2576 687 2615 59
713 2581 793 2616 erat,
816 2586 899 2607 nuuc
924 2581 985 2615 1:29
1024 2592 1067 2598 —-
1088 2574 1208 2616 Scripta
1228 2574 1302 2607 rire.
1327 2581 1493 2607 exeuntem

109 2640 158 2662 an.
183 2638 254 2666 401.
