1902 3268
666 306 879 338 uns-rom
912 307 1070 339 cxviu.
1461 298 1549 362 371

181 386 338 422 caetera
360 374 456 421 vult
478 372 642 420 habere
660 409 671 429 ,
699 389 802 419 cum
830 371 942 419 illud
966 375 1058 432 jam
1088 390 1176 420 non
1199 363 1383 439 propter
1405 377 1553 437 aliud,

180 445 254 492 sed
270 455 451 509 propter
474 460 516 490 se
541 445 686 507 ipsum
707 443 930 504 diligatur.
958 445 1014 490 Et
1035 444 1134 491 ideo
1157 446 1256 493 finis
1278 447 1342 493 ibi
1361 446 1553 508 dicitur,

178 517 284 582 quia
301 521 394 577 jam
418 533 505 581 quo
528 526 744 574 excurrat,
771 526 814 562 et
834 533 924 580 quo
941 514 1177 574 referatur,
1212 535 1300 565 non
1319 518 1551 569 invenitur.

181 588 252 634 lbi
269 588 437 653 requies
456 586 718 652 appetendi,
744 587 811 633 ibi
831 586 1005 633 fruendi
1026 590 1249 649 securitas,
1270 589 1335 637 ihi
1350 588 1557 656 tranquil-

179 656 390 705 lissimum
408 658 617 719 gaudium
645 658 828 721 optimae
849 657 1103 706 voluntatis.

245 730 365 778 xlv.
390 733 458 776 Da
482 731 614 792 igitur
629 730 706 794 qui
728 730 816 776 cito
837 729 1001 787 videat,
1029 747 1117 777 non
1137 747 1299 794 corpus
1314 748 1402 779 esse
1424 733 1562 780 animi

178 801 365 858 bonum,
393 801 468 848 sed
493 802 686 848 animum
710 801 855 864 potius
871 812 960 847 esse
979 801 1176 865 corporis
1209 802 1410 857 bonumg
1437 817 1561 850 rece-

181 871 309 918 detur
326 874 419 932 jam
443 873 500 918 ab
518 871 779 936 inquirendo
806 881 956 917 utrum
993 887 1213 919 summum
1235 873 1346 920 illud
1371 874 1559 932 bonum,

180 943 250 990 vel
274 943 418 1007 aliqua
434 948 524 1004 ejus
538 960 638 1007 pars
658 943 712 989 sit
734 943 780 989 in
799 958 997 1006 corpore.
1027 944 1160 1001 Quod
1179 945 1293 991 enim
1316 945 1565 993 stultissime

178 1024 379 1074 negatur,
399 1014 550 1060 melior
572 1024 634 1059 est
651 1013 819 1060 animus
840 1031 1039 1077 corpore.
1067 1016 1177 1061 Item
1200 1013 1455 1063 stultissime
1479 1032 1562 1063 ne*-

179 1095 307 1145 gatur
320 1084 540 1131 meliorem
559 1102 644 1130 esse
665 1101 783 1141 eum,
805 1085 883 1149 qui
912 1084 988 1130 dat
1005 1086 1179 1131 beatam
1202 1086 1341 1133 vitam
1371 1086 1438 1133 vel
1457 1103 1565 1151 par·-

180 1166 268 1202 tem
291 1155 480 1220 aliquam
524 1156 666 1202 beatae
689 1156 810 1211 vitae,
853 1173 987 1219 quam
1021 1173 1121 1202 eum
1156 1157 1234 1222 qui
1261 1158 1440 1222 accipit.
1465 1159 1567 1204 Non

181 1225 316 1287 igitur
339 1226 501 1289 accipit
522 1226 691 1272 animus
708 1244 731 1272 a
759 1243 943 1290 corpore
963 1226 1029 1274 vel
1046 1244 1266 1274 summum
1292 1229 1480 1285 bonum,
1497 1227 1568 1276 vel

182 1307 352 1360 partem
374 1296 566 1360 aliquam
584 1297 743 1342 summi
763 1297 885 1344 boni.
911 1297 1009 1343 Hoc
1027 1298 1207 1361 quinon
1224 1298 1393 1357 vident,
1415 1298 1571 1346 caecati

181 1378 283 1414 sunt
305 1367 537 1414 dulcedine
555 1367 799 1414 carnalium
819 1368 1116 1432 voluptatum,
1137 1386 1270 1434 quam
1299 1387 1348 1417 ex
1369 1371 1573 1432 indigen·—

183 1440 242 1485 tia
262 1439 456 1484 sanitatis
472 1439 618 1485 venire
636 1456 724 1485 non
753 1440 994 1487 intuentur.
1018 1441 1191 1486 Sanitas
1209 1451 1353 1487 autem
1375 1441 1571 1506 perfecta

182 1509 398 1574 corporiS,
435 1510 509 1556 illa
552 1521 740 1557 extrema
760 1512 891 1557 totius
911 1511 1104 1558 hominis
1130 1512 1437 1560 immortalitas
1471 1513 1570 1561 erit.

185 1582 296 1627 Tam
334 1580 504 1644 potenti
521 1581 638 1626 enim
658 1592 812 1628 natura
833 1583 950 1628 Deus
976 1582 1078 1629 fecit
1099 1582 1291 1629 animam
1308 1621 1320 1641 ,
1347 1594 1398 1630 ut
1418 1596 1467 1630 ex
1486 1587 1580 1644 ejus

184 1651 433 1715 plenissima
466 1651 764 1710 beatitudine,
805 1670 908 1717 quae
942 1653 989 1699 in
1020 1654 1105 1698 fine
1129 1664 1381 1717 temporum
1413 1654 1575 1701 sanctis

184 1723 487 1787 promittitur3
531 1722 764 1780 redundet,
805 1724 934 1770 etiam
969 1724 1016 1771 in
1051 1724 1298 1772 inferiorem
1338 1736 1543 1772 naturam
1558 1761 1572 1783 ,

184 1794 306 1857 quod
326 1804 388 1840 est
425 1810 603 1857 corPUS,
631 1812 720 1841 non
744 1795 995 1853 beatitudo,
1021 1812 1122 1859 quae
1144 1795 1327 1842 fruentis
1344 1807 1387 1842 et
1407 1795 1576 1842 intelli—

184 1865 323 1925 gentis
336 1875 398 1910 est
409 1864 605 1928 propria,
620 1865 694 1912 sed
710 1865 939 1930 plenitudo
955 1867 1164 1923 sanitatis,
1186 1867 1232 1913 id
1246 1877 1322 1923 est,
1341 1868 1575 1931 incorrup-

186 1935 316 1982 tionis
338 1936 473 1996 vigor.
505 1935 638 1991 Quod
664 1937 742 2001 qui
766 1954 854 1983 non
876 1937 1044 1993 vident,
1083 1948 1133 1983 ut
1163 1937 1268 1994 dixi,
1300 1937 1467 1983 bellant
1500 1937 1574 1984 in-

184 2006 341 2070 quietis
362 2005 736 2064 altercationibus,
764 2009 880 2054 varie
921 2025 1003 2072 pro
1035 2022 1113 2053 suo
1131 2008 1316 2072 quisque
1349 2018 1502 2071 captu,
1523 2007 1571 2053 in

185 2093 374 2141 corpore
398 2078 709 2124 constituentes
728 2095 949 2125 summum
990 2079 1183 2125 hominis
1202 2080 1389 2136 bonum,
1412 2090 1455 2125 et
1473 2095 1574 2125 car-

185 2148 349 2194 nalium
371 2147 678 2194 seditiosorum
692 2150 846 2196 turbas
858 2151 1082 2196 concitant
1104 2166 1117 2195 :
1145 2150 1260 2197 inter
1276 2163 1386 2214 quos
1408 2149 1573 2213 Epicu-

187 2219 249 2264 rei
268 2218 388 2282 apud
409 2217 633 2265 indoctam
648 2219 977 2268 multitudinem
998 2220 1297 2268 excellentiore
1313 2220 1573 2267 auctoritate

187 2300 431 2350 viguerunt.

253 2360 348 2408 XV.
384 2361 451 2406 Da
479 2359 583 2406 item
603 2361 681 2424 qui
701 2362 788 2408 cito
811 2363 958 2410 videat
971 2363 1167 2409 animum
1197 2377 1374 2426 quoque
1391 2361 1537 2426 ipsum
1555 2395 1568 2420 ‚

188 2447 276 2481 non
293 2447 372 2476 suo
395 2431 513 2476 bono
540 2431 715 2478 beatum
736 2450 840 2489 esse,
868 2448 972 2480 cum
987 2434 1142 2480 beatus
1157 2449 1218 2488 es,
1239 2432 1434 2496 alioquin
1458 2446 1571 2478 nun-

189 2509 320 2566 quam
343 2512 448 2548 esset
484 2502 638 2559 'miser3
674 2514 715 2548 et
743 2504 1011 2551 recedetura
1047 2501 1304 2568 quaerendO,
1342 2514 1490 2549 utrum
1523 2503 1570 2549 in

189 2573 336 2620 animo
353 2572 406 2619 sit
429 2590 647 2619 summum
666 2574 794 2632 illud,
814 2587 962 2640 atque,
993 2586 1043 2621 ut
1073 2576 1133 2620 ita
1159 2574 1360 2631 dixerim,
1393 2574 1571 2620 beatifia

191 2660 294 2694 eum
318 2644 506 2700 bonum,
528 2643 596 2691 vel
621 2643 764 2708 aliqua
779 2662 882 2711 pars
914 2650 1022 2707 ejus.
1056 2646 1168 2693 Nam
1186 2658 1288 2691 cum
1301 2656 1346 2691 se
1367 2644 1464 2707 ipso
1485 2642 1571 2697 sibi

1358 2719 1433 2773 24.
