1902 3268
346 302 438 365 396
769 317 802 347 s.
847 313 1089 346 anensium
1126 314 1330 346 Eptscom

343 382 589 430 doctrinam
606 381 836 430 salutarem
854 380 1191 445 pertinentibuS,
1215 399 1322 445 quas
1339 382 1503 430 ratione
1525 383 1723 430 nondum

345 455 572 518 percipere
594 454 805 508 valemus,
833 452 906 497 sed
934 451 1167 514 aliquando
1189 453 1447 509 valebimus,
1473 454 1577 500 fides
1604 471 1723 518 prae-

346 525 473 571 cedat
496 525 706 571 rationem
729 560 739 579 ,
763 539 850 586 qua
868 539 944 568 cor
966 521 1228 578 mundetur,
1264 535 1313 569 ut
1336 542 1503 585 magnae
1547 525 1725 571 rationis

347 597 492 659 capiat
510 606 551 641 et
573 594 761 658 perferat
781 593 940 648 lucem,
974 592 1061 638 hoc
1087 593 1237 656 utique
1258 595 1436 640 rationis
1451 606 1527 642 est.
1558 598 1611 641 Et
1628 596 1725 642 ideo

346 666 667 711 rationabiliter
695 664 862 710 dictum
879 674 940 709 est
956 681 1035 728 per
1059 664 1351 727 Prophetam3
1375 686 1394 705 «
1419 665 1508 710 Nisi
1524 666 1727 711 credide-

347 758 368 778 »
389 737 499 793 ritis,
522 754 609 783 non
625 734 914 797 intelligetis1.
936 757 956 777 ))
976 735 1062 780 Ubi
1085 736 1239 798 procul
1259 735 1396 781 dubio
1408 735 1610 782 discrevit
1631 736 1729 783 haec

345 806 434 852 duo
458 806 664 871 deditque
684 806 932 862 consilium‚
954 823 1041 870 quo
1068 806 1190 869 prius
1212 806 1440 851 credamus
1473 817 1520 852 ut
1542 807 1586 852 id
1608 806 1729 871 quod

344 877 812 938 credimusintelligere
840 877 1072 923 valeamus.
1098 876 1287 922 Proinde
1310 887 1358 922 ut
1376 876 1482 923 fides
1505 877 1731 940 praecedat

349 949 578 1004 rationem,
612 948 932 994 rationabiliter
953 948 1093 995 visum
1123 959 1199 995 est,
1234 949 1342 994 Nam
1370 948 1400 994 si
1423 948 1508 994 hoc
1527 965 1731 1012 praecep-

357 1030 445 1065 tum
474 1018 734 1065 rationabile
753 1036 842 1064 non
870 1030 950 1075 est,
977 1036 1077 1079 ergo
1098 1019 1400 1065 irrationabile
1416 1030 1506 1065 est:
1535 1019 1662 1066 absit.
1696 1018 1742 1065 Si

354 1090 486 1151 igitur
520 1089 779 1136 rationabile
803 1100 891 1145 est,
927 1099 974 1135 ut
998 1090 1048 1135 ad
1074 1107 1229 1150 magna
1257 1090 1478 1153 quaedam,
1519 1107 1618 1154 quaa
1642 1089 1742 1154 capi

355 1161 554 1207 nondum
577 1171 760 1225 possunt
778 1198 788 1218 ‚
823 1161 931 1207 fides
965 1160 1189 1224 praecedat
1220 1161 1454 1217 rationem,
1470 1161 1627 1224 procul
1651 1161 1740 1207 du-

350 1233 426 1279 bio
465 1233 874 1297 quantulacumque
914 1233 1023 1278 ratio
1056 1248 1155 1296 quae
1191 1232 1277 1277 hoc
1312 1231 1571 1296 persuadet,
1610 1233 1739 1277 etiam

352 1304 444 1367 ipsa
466 1304 684 1351 antecedit
711 1303 857 1351 fidem.

417 1375 490 1422 lV.
514 1377 750 1439 Propterea
777 1386 925 1422 monet
945 1374 1167 1440 apostolus
1190 1375 1345 1421 Petrus
1369 1383 1545 1438 paratos
1558 1390 1637 1420 nos
1652 1390 1738 1420 esse

350 1445 505 1492 debere
533 1446 586 1492 ad
628 1447 954 1509 responsionem
989 1446 1107 1492 omni
1133 1446 1331 1509 poscenti
1352 1462 1430 1491 nos
1454 1445 1665 1491 rationem
1684 1444 1738 1491 de

353 1517 438 1562 fide
463 1528 504 1563 et
522 1535 597 1581 spe
624 1528 770 1563 nostra
786 1518 823 1574 2,
851 1517 1058 1582 quoniam
1092 1517 1127 1562 si
1163 1535 1186 1562 a
1208 1534 1275 1563 me
1303 1516 1490 1562 infidelis
1524 1516 1737 1562 rationem

354 1589 496 1652 poscit
526 1589 628 1635 fidei
646 1600 688 1635 et
716 1590 805 1652 spei
828 1606 953 1645 meae,
981 1600 1023 1635 et
1047 1588 1172 1635 video
1192 1587 1312 1652 quod
1339 1598 1572 1650 antequam
1589 1587 1738 1634 credat

358 1677 515 1723 capere
542 1677 631 1705 non
658 1670 818 1723 potest,
845 1660 962 1705 hanc
982 1660 1122 1723 ipsam
1139 1659 1176 1704 ei
1194 1658 1330 1704 reddo
1349 1658 1563 1704 rationem
1589 1658 1632 1703 in
1650 1674 1737 1721 qua

354 1731 385 1776 si
404 1732 495 1777 fieri
521 1742 678 1795 potest,
713 1731 859 1778 videat
875 1748 1009 1796 quam
1022 1740 1287 1794 praepostere
1314 1740 1410 1776 ante
1433 1728 1565 1774 fidem
1586 1740 1738 1793 poscat

354 1802 566 1848 rationem
589 1819 737 1849 earum
751 1819 914 1859 rerum,
933 1819 1041 1866 quas
1055 1819 1212 1865 capere
1238 1818 1327 1847 non
1349 1810 1504 1865 potest.
1530 1800 1576 1846 Si
1595 1810 1737 1846 autem

345 1876 438 1933 jam
465 1873 603 1919 fidelis
644 1873 854 1919 rationem
896 1883 1066 1937 poscat,
1099 1883 1146 1918 ut
1168 1871 1289 1936 quod
1330 1870 1469 1917 credit
1497 1870 1734 1932 intelligat,

349 1944 571 2007 capacitas
586 1947 676 2003 eJ'us
694 1943 901 1990 intuenda
923 1954 1000 1999 est,
1025 1954 1071 1989 ut
1091 1942 1333 1989 secundum
1349 1960 1442 1988 eam
1457 1942 1624 1989 ratione
1641 1941 1739 1988 red-

353 2014 443 2060 dita
479 2026 622 2061 sumat
663 2015 766 2061 fidei
811 2032 900 2061 suae
939 2025 1152 2078 quantam
1196 2024 1339 2078 potest
1379 2013 1734 2074 intelligentiam3

356 2088 561 2145 majorem
581 2086 613 2131 si
636 2086 738 2149 plus
765 2086 900 2149 capit,
943 2086 1172 2141 minorem,
1194 2085 1228 2130 si
1263 2084 1435 2130 minus:
1467 2084 1572 2130 dum
1594 2095 1738 2130 tamen

357 2173 586 2220 quousque
608 2156 664 2202 ad
700 2156 1017 2220 plenitudinem
1054 2155 1314 2216 cognitionis
1343 2155 1739 2219 perfectionemque

356 2227 599 2290 perveniat,
619 2227 675 2273 ab
692 2227 843 2272 itinere
870 2227 970 2273 fidei
991 2244 1078 2272 non
1097 2226 1285 2273 recedat.
1316 2227 1432 2273 Hinc
1448 2237 1510 2273 est
1535 2226 1656 2290 quod
1674 2225 1739 2271 di-

357 2296 418 2344 cit
436 2297 671 2361 Apostolus
695 2315 706 2343 :
736 2298 830 2343 «Et
854 2308 996 2343 tamen
1018 2298 1051 2344 si
1081 2297 1189 2361 quid
1217 2297 1340 2343 aliter
1362 2298 1529 2361 sapitis,
1557 2297 1603 2343 id
1623 2313 1739 2362 quo-

357 2388 380 2409 »
405 2383 490 2431 que
517 2367 642 2414 vobis
673 2369 789 2415 Deus
827 2368 1036 2415 revelabit
1071 2386 1081 2413 t
1113 2379 1412 2414 verumtamen
1434 2368 1479 2415 in
1495 2367 1615 2432 quod
1635 2384 1739 2431 per-

358 2459 379 2481 »
404 2440 632 2495 venimus,
670 2439 716 2485 in
746 2456 796 2486 eo
823 2439 1098 2486 ambulemus
1116 2438 1149 2487 ¹⁹³.
1182 2460 1202 2481 »
1245 2439 1343 2485 Jam
1381 2457 1480 2501 ergo
1522 2439 1557 2485 si
1592 2438 1739 2484 fideles

357 2525 522 2566 sumuS‚
551 2509 605 2556 ad
624 2509 726 2557 fidei
751 2511 865 2558 viam
889 2511 1183 2576 pervenimus,
1207 2527 1339 2576 quam
1364 2511 1503 2556 sinon
1522 2509 1738 2556 dimiseri-

353 2598 468 2639 mus,
502 2599 591 2628 non
615 2583 756 2629 solum
783 2583 840 2630 ad
870 2594 1035 2632 tantam
1054 2583 1381 2645 intelligentiam
1413 2598 1557 2628 rerum
1594 2581 1737 2628 incor-

406 2665 419 2688 ὓ
438 2665 509 2696 lsai.
528 2675 583 2704 vu,
598 2677 631 2707 9,
646 2665 736 2709 juxta
751 2677 828 2701 Lxx.
846 2684 891 2690 —-
905 2665 921 2690 2
944 2679 955 2698 ι
975 2670 1057 2702 Petr.
1079 2679 1131 2702 ιιι,
1150 2679 1178 2699 r.
1194 2684 1239 2690 —
1256 2664 1271 2690 3
1287 2665 1406 2710 Philip.
1422 2676 1477 2704 m,
1501 2665 1554 2704 15,
1573 2665 1626 2698 ι6.
