1902 3268
656 295 869 328 nmsrora
905 296 1064 328 cxvm.
1457 282 1549 346 375

172 380 393 428 quaquam
433 366 591 412 valeret
618 363 805 422 intueri,
841 363 887 408 in
920 379 1108 426 quorum
1132 363 1277 426 potius
1301 364 1553 423 suffragium

173 439 433 501 raperetur?
726 439 728 441 ’

238 507 360 555 XIX.
387 506 598 553 Restabat
638 524 740 571 pars
779 505 1057 552 rationalium
1091 506 1398 569 quie-stionum.
1433 505 1556 551 Nosti

177 577 290 628 enim
315 577 535 641 quidquid
560 589 741 641 propter
764 576 1092 640 adipiscendam
1111 577 1365 639 sapientiam
1388 576 1555 639 quaeri-

173 659 259 706 tur,
276 648 414 695 autde
432 649 642 705 moribus,
664 658 738 694 aut
754 648 806 693 de
828 658 994 698 natura,
1011 658 1087 693 aut
1106 647 1160 692 de
1179 647 1556 710 rationequaestio-

172 736 269 772 nem
290 720 467 768 habere.
488 721 599 766 Cum
617 737 715 780 crgo
729 719 935 783 Epicurei
960 735 1185 781 nunquam
1199 734 1343 762 sensus
1363 718 1556 781 corporis

171 790 263 843 falli
289 790 499 849 dicerent,
541 792 677 838 Stoici
711 802 850 837 autem
877 789 967 836 falli
987 788 1220 852 aliquando
1248 788 1554 846 concederent,

165 861 346 924 *utrique
376 871 517 909 tamen
537 861 728 922 regulam
744 859 1172 924 comprehendendae
1187 859 1378 906 veritatis
1399 859 1445 905 in
1465 877 1555 906 sen-

171 930 294 992 sibus
315 945 552 997 ponerent3
577 931 778 996 quisistis
792 930 1200 977 contradicentibus
1225 930 1396 976 audiret
1426 930 1553 977 Plato

171 1001 324 1062 nicos?
349 1003 460 1062 Quis
477 1020 566 1052 non
589 1001 720 1049 modo
741 1002 788 1048 in
808 1001 1088 1065 sapientium,
1111 1000 1185 1047 sed
1208 1002 1385 1046 omnino
1410 1000 1454 1047 in
1475 1001 1556 1047 ho-

172 1072 339 1118 minum
351 1091 531 1120 numero
546 1073 778 1120 habendos
796 1083 990 1137 putaret,
1007 1073 1040 1118 si
1059 1072 1116 1118 ab
1140 1071 1197 1117 eis
1215 1082 1422 1135 prompte
1439 1071 1556 1118 dice-

171 1154 308 1204 retur,
329 1162 418 1191 non
431 1145 572 1191 solum
591 1162 677 1191 esse
693 1144 878 1208 aliquid,
897 1144 1018 1207 quod
1034 1160 1173 1208 neque
1190 1153 1310 1189 tactu
1325 1142 1521 1207 corporis
1539 1163 1551 1197 ;

171 1231 312 1278 neque
336 1215 499 1263 olfactu
521 1215 588 1263 vel
611 1226 784 1276 gustatu
799 1253 810 1270 ‚
834 1232 975 1279 neque
999 1215 1068 1261 his
1095 1215 1275 1260 auribus
1299 1224 1372 1260 aut
1416 1214 1555 1261 oculis

171 1284 343 1349 percipi
359 1287 511 1349 possit,
543 1303 682 1350 neque
702 1286 881 1332 omnino
905 1285 1058 1333 talium
1076 1301 1237 1342 rerum,
1255 1284 1429 1348 quaeita
1454 1301 1555 1331 sen-

172 1355 379 1415 tirentur,
399 1356 545 1420 aliqua
568 1356 875 1417 imaginatione
899 1355 1082 1416 cogitari
1099 1376 1111 1410 ;
1131 1355 1206 1402 sed
1229 1355 1276 1401 id
1293 1355 1432 1401 solum
1456 1372 1555 1402 vere

172 1438 398 1491 essentque
426 1428 471 1485 id
497 1428 637 1482 solum
666 1446 789 1492 posse
816 1428 987 1492 percipi
1009 1427 1114 1491 quia
1135 1427 1496 1473 incommutabile
1513 1438 1556 1473 et

172 1499 485 1562 sempiternum
515 1511 604 1554 est3
634 1500 972 1564 pereipilautem
998 1498 1088 1544 sola
1123 1497 1424 1558 intelligentia,
1464 1515 1554 1563 qua

173 1585 258 1630 uua
283 1570 439 1627 veritas
456 1571 679 1634 quomodo
698 1572 851 1632 attingi
869 1581 1027 1634 potest,
1052 1569 1308 1630 attingitur?

239 1641 337 1692 XX.
362 1645 474 1688 Cum
500 1659 598 1702 ergo
621 1642 725 1688 talia
755 1642 960 1688 sentirent
998 1640 1238 1696 Platonici,
1280 1657 1381 1704 quae
1411 1658 1554 1705 neque

171 1711 380 1768 docerent
398 1713 519 1759 carni
543 1713 712 1760 deditos
738 1713 955 1766 homines,
977 1729 1117 1777 neque
1135 1722 1255 1757 tanta
1273 1722 1411 1758 essent
1440 1729 1552 1759 auc-

174 1782 346 1836 toritate
368 1783 487 1846 apud
510 1784 716 1847 populos,
737 1794 784 1830 ut
808 1782 1026 1829 credenda
1058 1781 1382 1846 persuaderent,
1409 1782 1551 1831 donec

172 1851 227 1912 ad
247 1869 346 1906 eum
365 1853 570 1910 habitum
590 1853 904 1917 perduceretur
923 1853 1110 1904 animus,
1139 1870 1226 1917 quo
1256 1853 1336 1899 ista
1358 1855 1550 1918 capiun-

172 1933 261 1984 tur,
298 1922 518 1987 elegerunt
543 1924 763 1970 occultare
795 1924 1048 1974 sententiam
1073 1941 1212 1980 suam,
1241 1934 1282 1970 et
1310 1936 1461 1971 contra
1482 1943 1555 1972 eos

170 1993 391 2057 differem,
414 1996 497 2059 qui
516 2012 667 2050 verum
682 2013 725 2043 se
742 1995 954 2043 invenisse
968 1999 1203 2056 jactarent,
1225 2012 1325 2042 cum
1339 1996 1551 2043 inventio-

169 2081 270 2126 {tem
305 2065 446 2129 ipsam
472 2066 562 2113 veri
591 2066 638 2115 in
662 2067 808 2116 carnis
835 2066 1032 2114 sensibus
1060 2077 1286 2130 ponerent.
1322 2067 1377 2112 Et
1399 2084 1549 2114 eorum

171 2135 349 2200 quidem
368 2136 598 2184 consilium
625 2137 754 2202 quale
776 2137 905 2189 fuerit
929 2137 1036 2201 quid
1061 2136 1214 2183 attinet
1232 2141 1456 2200 quaerere'?
1478 2138 1551 2185 di·-

170 2206 324 2264 vinum
347 2218 463 2256 certe
480 2208 548 2254 vel
579 2208 728 2259 divina
747 2207 891 2271 aliqua
917 2208 1175 2254 auctoritate
1200 2207 1438 2271 praeditum
1462 2226 1551 2256 non

169 2275 270 2336 fuit.
297 2278 488 2332 Tantum
524 2278 636 2325 illud
672 2278 874 2335 attende,
900 2280 1110 2342 quoniam
1136 2279 1263 2325 Plato
1295 2297 1317 2324 a
1342 2279 1553 2327 Cicerone

104 2372 108 2374 -
171 2346 320 2401 multis
336 2347 476 2394 modis
500 2349 766 2412 apertissime
785 2350 1027 2395 ostenditur
1064 2349 1106 2394 in
1121 2349 1330 2412 sapientia
1350 2367 1437 2396 non
1460 2351 1550 2398 hu·-

171 2435 301 2469 mana
317 2455 328 2475 ,
355 2418 428 2467 scd
447 2418 576 2483 plane
598 2420 746 2466 divina
765 2420 878 2466 unde
896 2421 1090 2466 humana
1114 2420 1307 2484 quodam
1331 2421 1462 2468 modo
1478 2441 1549 2469 ac-

171 2489 446 2548 cenderetur,
472 2491 518 2537 in
542 2491 617 2538 illa
648 2493 798 2557 utique
818 2492 1024 2555 sapientis:
1058 2510 1231 2555 prorsus
1259 2493 1545 2552 immutabili,

173 2561 464 2625 atqueeodem
481 2563 612 2612 modo
631 2581 801 2628 semper
818 2581 860 2609 se
875 2564 1065 2610 habente
1087 2564 1267 2613 veritate
1283 2566 1554 2613 constituisse

172 2641 216 2694 qt
235 2631 368 2693 finem
388 2632 513 2691 honi,
538 2644 580 2681 et
598 2651 746 2682 causas
767 2651 930 2690 rerum,
952 2645 993 2681 et
1015 2634 1308 2682 ratiocinandi
1324 2636 1552 2686 fiducia-m:
