1902 3268
643 293 854 324 EPISTOLA
891 294 1040 325 cxxix.
1437 286 1523 342 461

161 361 403 418 Christum,
437 361 586 408 saltem
606 375 694 405 non
709 359 936 423 accipiunt
959 360 1239 422 Evangelium
1262 380 1272 408 :
1298 363 1367 411 isti
1388 377 1532 413 autem

160 432 313 479 fratres
336 432 470 478 nostri
512 429 736 492 utriusque
764 430 1027 477 Testamenti
1061 432 1317 480 auctoritate
1342 434 1536 484 devincti

163 514 292 557 sunt3
311 513 507 549 ettamen
529 501 747 548 criminari
760 518 837 547 nos
858 500 1011 548 volunt
1030 501 1083 548 de
1104 504 1338 565 Evangelio
1358 506 1535 565 tradito,

162 584 203 621 et
226 573 382 620 nolunt
393 573 431 619 ei
447 572 620 620 credere
640 571 835 618 recitat0.
862 571 946 618 Sed
966 589 1084 619 nunc
1100 572 1278 622 fortasse
1293 575 1426 638 huJ'us
1444 577 1541 626 col-

162 644 336 692 lationis
357 661 462 691 cura
481 653 683 706 suscepta
707 641 956 702 diligentius
974 645 1236 707 persecutati
1257 658 1358 693 sunt
1388 648 1542 713 Scrip-

164 726 281 762 turas
309 732 473 772 sacras,
497 725 538 761 et
557 714 663 778 quia
698 713 744 760 in
766 713 826 759 eis
851 714 1188 761 innumerabilia
1206 719 1451 765 testimonia
1468 736 1542 766 re·—

163 796 390 850 pererunt,
416 785 578 849 quibus
601 783 813 848 promissa
829 793 892 829 est
908 783 1100 830 Ecclesia
1118 784 1266 832 futura
1281 786 1327 833 in
1339 789 1543 836 omnibus

163 856 381 918 gentibus,
398 867 440 902 et
465 866 558 902 toto
575 855 681 901 orbe
705 864 934 911 terrarum,
962 853 1075 900 sicut
1098 872 1193 902 eam
1214 857 1338 904 reddi
1357 869 1400 906 et
1423 876 1544 924 prae-

165 927 324 973 sentari
341 925 578 990 coepissein
604 923 836 984 Evangelio
860 934 902 970 et
926 924 1117 988 epistolis
1138 928 1410 991 apostolicis,
1435 941 1477 977 et
1498 930 1545 977 in

167 997 352 1045 Actibus
372 995 682 1061 Apostolorum
707 994 924 1052 videmus,
945 995 1022 1041 ubi
1048 1006 1089 1042 et
1110 997 1205 1061 ipsa
1234 999 1349 1057 loca,
1367 1011 1410 1047 et
1432 1000 1544 1049 civi-

167 1078 292 1124 tates,
317 1078 360 1114 et
392 1066 635 1130 provinciae
653 1065 874 1126 leguntur,
903 1083 981 1130 per
1014 1083 1122 1131 quas
1146 1069 1300 1127 crevit,
1333 1070 1547 1136 incipiens

169 1138 226 1185 ab
240 1136 499 1193 Jerusalem,
523 1146 572 1182 ut
590 1135 691 1182 inde
705 1153 746 1182 se
763 1136 895 1182 etiam
910 1137 957 1183 in
981 1136 1175 1185 Africam
1192 1156 1281 1187 non
1301 1141 1546 1202 migrando,

169 1207 244 1255 sed
267 1207 500 1254 crescendo
523 1206 800 1253 diffunderet.
820 1208 920 1253 Non
946 1217 1089 1255 autem
1107 1208 1368 1258 invenerunt
1385 1212 1548 1277 alquod

170 1279 486 1326 Testimonium
507 1277 756 1324 divinorum
775 1277 1067 1343 eloquiorum,
1092 1280 1169 1327 ubi
1187 1281 1356 1329 dictum
1372 1294 1435 1330 est
1452 1301 1547 1330 eam

170 1351 411 1416 perituram
435 1349 489 1396 de
512 1349 679 1396 caeteris
717 1349 922 1414 partibus
956 1350 1130 1408 mundi,
1152 1363 1194 1399 et
1218 1353 1264 1399 in
1292 1353 1381 1402 sola
1401 1354 1549 1403 Africa

171 1421 333 1468 Donati
350 1431 474 1485 parte
489 1436 756 1476 mansuram,
777 1430 818 1466 et
839 1419 1043 1467 viderunt
1062 1437 1196 1485 quam
1210 1422 1264 1469 sit
1288 1424 1546 1483 absurdum,

171 1509 253 1557 pro
277 1491 370 1546 illa,
387 1508 487 1555 quae
506 1490 646 1536 fuerat
666 1490 860 1554 peritura
875 1527 887 1548 ,
920 1501 986 1537 tot
1005 1492 1246 1540 testimonia
1264 1494 1411 1542 divina
1436 1495 1553 1543 reci-

172 1563 282 1619 tari3
306 1579 388 1627 pro
412 1579 460 1609 ea
477 1578 597 1619 vem,
617 1577 736 1625 quae,
757 1561 869 1608 sicut
888 1572 1067 1625 putant,
1096 1561 1241 1610 fuerat
1258 1564 1435 1612 domino
1451 1565 1552 1630 pla-

173 1635 328 1690 citura,
349 1633 518 1680 nullum
533 1635 623 1692 ejus
651 1631 944 1679 testimonium
970 1633 1163 1697 reperiri.
1209 1635 1318 1682 Haec
1345 1636 1456 1683 forte
1471 1654 1552 1684 co-

175 1705 357 1767 gitantes
373 1741 384 1761 ,
420 1703 477 1750 ad
518 1701 729 1749 finiendas
767 1720 898 1749 vanas
916 1740 927 1756 ,
964 1714 1006 1749 et
1034 1704 1313 1767 perniciosas,
1349 1718 1390 1753 et
1423 1707 1554 1756 saluti

175 1785 350 1822 aeternae
375 1773 613 1820 contrarias
630 1772 880 1819 inimicitias
899 1810 910 1828 ‚
936 1773 990 1819 ad
1014 1773 1163 1820 locum
1187 1775 1430 1824 collationis
1452 1795 1553 1826 nos·

174 1855 255 1892 trae
274 1862 421 1891 omnes
439 1843 670 1890 convenire
689 1843 942 1898 voluerunt,
983 1861 1070 1890 non
1105 1855 1154 1891 ut
1178 1847 1392 1894 tumultus
1419 1865 1559 1897 novus

176 1915 358 1971 oriatur,
379 1913 453 1960 sed
472 1924 521 1959 ut
538 1923 705 1961 vetusta
726 1913 943 1960 discordia
965 1914 1158 1962 finiatur.

241 1987 317 2033 IV.
344 1986 458 2031 Nam
475 1994 517 2030 et
535 1983 665 2041 illud,
697 2000 785 2048 quo
819 1985 864 2030 in
881 2001 959 2030 nos
992 1984 1130 2031 solent
1163 1987 1351 2046 graviter
1374 1988 1553 2048 irritari,

177 2055 298 2121 quod
312 2071 429 2116 reges
445 2065 585 2110 terrae,
613 2071 721 2117 quos
741 2065 861 2100 tanto
882 2065 981 2100 ante
1005 2055 1273 2118 praedictum
1297 2068 1359 2104 est
1378 2059 1554 2107 Christo

179 2126 357 2174 domino
379 2125 626 2181 servituros,
652 2124 764 2185 leges
784 2135 936 2170 contra
954 2124 1183 2171 haereticos
1199 2136 1240 2172 et
1260 2126 1559 2176 schismaticos

180 2215 263 2264 pro
279 2195 497 2244 catholica
509 2211 620 2258 pace
637 2196 925 2253 constituunt,
944 2195 1162 2241 credimus
1176 2196 1297 2258 quod
1322 2196 1558 2261 aliquando

180 2265 485 2329 cogitaverint,
518 2281 607 2311 non
629 2281 717 2311 esse
737 2265 1010 2329 culpandum
1035 2282 1046 2310 ι
1072 2265 1176 2328 quia
1194 2276 1236 2311 et
1254 2266 1422 2330 antiqui
1440 2285 1557 2330 reges

182 2355 269 2384 non
291 2336 430 2382 solum
472 2334 609 2395 gentis
652 2335 900 2391 Hebraicae,
947 2334 1020 2380 sed
1058 2335 1188 2380 etiam
1212 2334 1478 2396 alienigenae,
1504 2356 1560 2385 ne

182 2409 415 2473 quisquam
437 2415 590 2452 contra
609 2407 748 2452 Deum
761 2406 915 2462 Isra‘el,
933 2406 1018 2451 hoc
1032 2416 1093 2451 est
1117 2422 1267 2452 verum
1291 2407 1451 2467 Deum,
1470 2427 1560 2456 non

183 2489 356 2525 tantum
373 2476 550 2533 faceret,
578 2475 651 2522 sed
689 2476 757 2523 vel
777 2475 940 2522 diceret
973 2475 1158 2540 aliquid,
1184 2492 1331 2523 omnes
1349 2480 1469 2540 regni
1495 2481 1561 2528 sui

184 2547 372 2616 populos
402 2546 636 2611 praeceptis
673 2545 974 2593 minacissimis
996 2556 1272 2601 terruerunt;
1314 2558 1356 2595 et
1378 2553 1562 2612 majores

186 2621 367 2668 istorum
390 2618 528 2682 ipsam
553 2616 780 2665 Caeciliani
808 2633 1002 2675 causam,
1028 2616 1144 2664 unde
1164 2627 1264 2665 nata
1284 2628 1347 2665 est
1366 2620 1446 2668 ista
1468 2621 1561 2670 dis-
