1902 3268
708 277 914 308 Erlsrom
955 277 1070 306 cxxi.
1507 262 1592 315 421

285 344 378 391 XV.
404 345 634 401 Quffisrio,
663 341 918 402 Quomodo
944 341 1151 387 Clu-estas
1166 352 1274 403 post
1312 344 1605 387 lesum-ectio-

220 430 328 460 nem
354 432 385 459 a
405 412 690 476 quibusdam
715 416 906 474 agnitas
925 415 986 454 sit
1004 422 1047 455 et
1069 426 1162 455 non
1194 415 1396 471 agnilus.
1424 439 1485 444 ——
1509 411 1605 457 Hoc

219 493 363 530 autem
396 501 500 544 rogo
519 483 662 529 lucere
687 482 797 527 mihi
818 480 967 531 facias,
994 480 1214 543 quomodo
1237 479 1300 524 vel
1335 496 1420 542 qua
1440 480 1604 526 ratione

219 553 434 599 Dominus
453 555 920 617 postresurrectiouem
936 551 1001 596 vel
1023 550 1293 601 muneribus,
1323 567 1422 612 ‹111ae
1449 551 1603 613 primae

220 623 274 669 ad
296 623 548 686 sepulcrum
580 634 807 674 venerunt,
847 623 910 667 vel
948 632 1095 684 postea
1128 620 1208 666 illis
1241 620 1416 666 duobus
1448 621 1491 665 in
1515 622 1600 674 via,

219 693 378 739 deinde
392 694 629 758 Discipulis
656 694 760 748 suis,
787 704 828 738 et
846 709 930 738 non
948 694 1119 752 agnitus
1141 692 1212 745 sit.
1234 702 1274 736 et
1293 691 1463 749 agnitus
1486 691 1519 738 1.
1559 694 1607 736 lu

218 762 368 809 eodem
384 764 500 810 enim
519 781 703 827 corpore
720 764 948 809 resurrexit
967 799 977 818 ,
1011 764 1054 806 in
1075 778 1163 824 quo
1193 772 1233 805 et
1254 777 1401 823 passus
1430 772 1506 807 cst.
1554 763 1609 806 Et

219 834 443 898 quomodo
470 852 557 882 non
594 835 745 880 eadem
791 844 882 878 erat
911 832 1101 894 ejusdem
1125 832 1321 894 corporis
1350 831 1488 877 forma
1509 849 1609 895 quae

217 903 385 957 fuerat;
408 916 484 951 aut
507 907 541 951 si
558 906 709 951 eadem
733 916 841 957 erat,
866 902 1089 967 quomodo
1112 919 1199 948 non
1214 903 1528 961 agnoscebatur
1552 903 1608 948 ab

220 975 306 1031 his,
326 976 402 1038 qui
421 993 515 1021 eam
538 978 778 1021 noverant?
805 974 921 1020 Illud
937 991 1037 1021 vero
1061 973 1317 1018 sacramenti
1333 989 1420 1018 esse
1443 973 1574 1018 credo
1594 993 1606 1025 ς

219 1044 341 1108 quod
359 1045 437 1108 qui
460 1045 505 1090 in
532 1046 599 1091 via
640 1045 970 1091 ambulantibus
1019 1061 1103 1089 non
1142 1043 1281 1088 fuerat
1332 1043 1519 1102 agnitus,
1564 1044 1607 1088 in

218 1113 429 1160 fractione
461 1116 589 1178 panis
613 1115 827 1162 revelatus
852 1126 926 1161 est.
967 1113 1167 1176 ldipsum
1212 1124 1352 1165 tamen
1388 1125 1463 1159 tuo
1485 1131 1609 1160 sensu

219 1184 319 1231 volo
347 1196 506 1242 tenere,
535 1204 621 1232 non
643 1203 753 1233 meo.
780 1208 798 1228 ›>
834 1205 839 1209 ’

288 1256 406 1303 XVI.
434 1258 706 1314 QUAEs'rioNr.
740 1259 800 1302 cle
837 1263 976 1303 joan.
1002 1273 1078 1306 xx,
1122 1274 1189 1319 ιγ.
1213 1285 1274 1290 -—
1293 1279 1308 1296 r:‹
1332 1259 1385 1302 Et
1413 1256 1530 1319 quod
1549 1257 1605 1302 ad

222 1326 404 1373 Mariam
427 1328 513 1381 ait,
546 1329 648 1375 Noli
676 1345 742 1373 me
767 1339 957 1387 tangere,
988 1326 1185 1373 nondum
1211 1328 1324 1372 enim
1354 1326 1526 1372 ascendi
1549 1327 1604 1372 ad

221 1397 394 1442 Patrem
424 1415 433 1442 :
470 1397 515 1443 Si
539 1398 739 1444 cominus
777 1408 963 1444 stantem
990 1414 1079 1442 non
1114 1397 1339 1442 sinebatur
1364 1397 1573 1457 attingere
1590 1434 1604 1449 ,

222 1467 445 1529 quomodo
471 1484 569 1513 eum
597 1478 789 1529 tangeret
819 1484 920 1513 cum
952 1466 1210 1513 ascendisset
1229 1466 1281 1512 ad
1303 1468 1504 1520 Patrem3
1527 1466 1609 1511 uisi

218 1537 330 1583 forte
355 1538 457 1584 fidei
475 1538 677 1602 profectu
708 1550 750 1585 et
776 1538 932 1584 mentis
952 1554 1131 1584 ascensu
1162 1555 1171 1582 :
1197 1554 1285 1601 qua
1301 1538 1416 1582 Deus
1435 1536 1608 1583 homini

220 1609 271 1653 fit
311 1608 577 1673 longinquus
613 1620 688 1655 aut
723 1611 944 1673 proximus
985 1626 996 1653 ε
1050 1618 1092 1654 et
1130 1607 1205 1653 illa
1245 1607 1512 1653 dubitaverit
1553 1607 1609 1653 de

220 1678 414 1735 Christo,
442 1695 571 1742 quem
596 1679 882 1726 hortulanum
901 1690 1163 1742 putaverat;
1196 1678 1294 1724 ideo
1315 1677 1505 1723 fortassis
1525 1695 1607 1723 au-

220 1748 312 1794 dire
336 1749 526 1804 meruit,
552 1770 572 1790 «
598 1750 699 1795 Noli
728 1767 795 1795 me
829 1760 1016 1809 tangere.
1062 1747 1247 1807 Indigna
1280 1747 1394 1793 enim
1429 1747 1608 1806 Judiea-

219 1819 350 1864 batur
376 1831 422 1864 ut
463 1830 656 1880 tangeret
688 1836 820 1865 manu
848 1819 1097 1873 Christum,
1148 1834 1277 1880 quem
1305 1817 1493 1863 necdum
1519 1817 1606 1863 fide

221 1889 591 1953 apprehenderat.
617 1907 693 1936 nec
711 1890 976 1936 intellexerat
1015 1891 1169 1942 Deum,
1198 1905 1297 1933 cum
1322 1888 1603 1934 hortulanum

219 1971 429 2023 putasset,
455 1960 510 2006 <le
532 1978 622 2024 quo
646 1961 780 2024 paulo
814 1972 913 2006 ante
938 1961 993 2006 ab
1020 1959 1194 2019 Angelis
1233 1958 1454 2003 audierat:
1485 1958 1606 2015 Quid

219 2030 416 2093 quaeritis
433 2031 650 2077 viventem
671 2048 772 2077 cum
799 2030 1012 2076 mortuis?
1036 2028 1170 2075 «Noli
1197 2045 1298 2088 ergo
1320 2046 1386 2073 me
1416 2039 1606 2088 tangere,

221 2122 242 2142 ›>
265 2102 367 2164 quia
383 2101 463 2146 tibi
482 2101 676 2148 nondum
699 2102 872 2147 ascendi
893 2101 946 2147 ad
963 2102 1137 2147 Patrem
1158 2102 1190 2146 '-'.
1218 2120 1236 2140 ›·›
1257 2099 1330 2144 eui
1347 2098 1494 2145 adhuc
1510 2110 1608 2144 tan·

223 2183 314 2217 tum
339 2172 474 2217 homo
494 2173 644 2218 videor
665 2191 675 2218 :
707 2184 857 2236 postea
894 2191 960 2218 me
985 2184 1147 2232 tanges,
1171 2187 1273 2216 cum
1293 2170 1347 2215 ad
1368 2187 1608 2231 agnoscen-

221 2241 328 2288 dum
348 2259 414 2287 me
440 2242 658 2288 credendo
682 2243 995 2290 conscenderis.

285 2312 428 2358 XVII.
471 2314 688 2370 Qua-:suo
712 2313 772 2358 cle
804 2314 962 2359 verbis
989 2316 1242 2358 Simeonis.
1270 2316 1363 2356 Luc
1384 2327 1441 2366 11,
1462 2312 1523 2368 34
1543 2339 1608 2346 —-

225 2382 287 2427 De
305 2381 389 2428 illis
423 2383 552 2428 etiam
585 2383 824 2429 beatissimi
864 2383 1078 2430 Simeonis
1110 2381 1254 2428 verbis
1292 2381 1399 2445 quid
1433 2382 1605 2433 sentias,

222 2452 405 2499 edissere
428 2453 537 2500 mihi
555 2490 565 2509 ‚
598 2465 647 2500 ut
667 2470 822 2517 sequar
848 2471 1019 2500 sensum
1046 2464 1197 2506 tuum;
1235 2453 1398 2516 quibus
1423 2469 1522 2498 cum
1554 2452 1609 2498 ad

226 2522 459 2569 videndum
480 2541 525 2570 ex
552 2524 730 2570 oraculo
752 2526 831 2571 Dei
851 2525 1077 2571 Christum
1102 2534 1249 2584 agente
1279 2523 1447 2586 Spiritu
1472 2524 1610 2569 venis·

273 2606 380 2643 ¹Lue.
398 2614 489 2648 xxiv,
512 2609 560 2638 30.
578 2625 622 2631 —
641 2605 753 2641 ²1bid.
773 2609 804 2639 6.
