1902 3268
340 269 400 315 92
763 267 799 297 S.
845 264 1089 296 AUGUSTINI
1126 264 1328 295 Eplscorl

342 342 473 396 atque
500 331 718 392 adjutorio
755 348 992 394 speramus.
1025 332 1138 377 Cum
1164 330 1261 375 haec
1289 329 1520 376 scriberem
1539 367 1550 387 ,
1589 330 1717 376 etiam

339 419 421 468 per
454 403 705 450 unanimem
746 401 888 447 filium
934 413 1131 449 nostrum
1168 399 1472 460 Thagastensis
1513 400 1718 447 Ecclesiae

341 474 644 538 presbyterum
663 471 1024 517 Fortunatianum
1042 473 1227 517 Romam
1244 471 1545 531 navigaturum
1564 508 1574 527 ‚
1593 471 1719 517 aliam

343 544 584 609 Epistolam
609 543 760 607 paucis
784 552 881 588 ante
910 542 1067 588 diebus
1087 545 1179 601 jam
1209 542 1427 589 dederam.
1461 542 1589 588 Nunc
1615 558 1718 602 ergo

342 614 463 679 quod
487 614 601 660 soleo
622 630 750 674 rogo,
777 623 827 658 ut
844 611 964 677 quod
990 612 1132 658 soletis
1152 611 1332 659 faciatis,
1364 612 1510 659 Oretis
1534 629 1615 675 pro
1639 628 1719 657 no-

345 685 439 742 bis,
474 695 524 731 ut
548 684 692 746 videat
731 685 843 729 Deus
873 682 1166 729 humilitatem
1199 691 1390 727 nostram
1409 719 1419 737 ,
1453 693 1496 728 et
1527 682 1723 728 laborem

343 766 540 802 nostrum
555 792 565 811 ,
596 765 637 800 et
652 754 844 800 dimittat
867 753 1012 799 onmia
1034 762 1211 816 peccata
1231 761 1391 798 nostra.

412 827 471 873 ll.
504 825 862 888 Colloquiautem
876 823 1104 869 vobiscum
1121 823 1221 868 talia
1242 821 1395 885 cupio,
1420 820 1722 881 sidignemini,

342 895 497 941 litteris
512 933 523 952 ,
559 895 706 959 qualia
729 894 923 957 colloqui
943 910 1164 957 possemus
1180 930 1190 948 ,
1217 893 1248 938 si
1274 909 1421 938 coram
1457 892 1606 938 vestris
1629 908 1728 937 sen-

345 965 463 1011 sibus
482 964 737 1011 adessemus.
762 966 875 1010 Ecce
890 963 1009 1009 illam
1026 962 1391 1026 quaestiunculam
1406 999 1417 1018 ,
1439 979 1570 1025 quarn
1590 978 1732 1025 nuper

344 1052 660 1100 proposueram
677 1072 687 1091 ‚
716 1045 924 1098 tanquam
945 1034 978 1080 si
1005 1050 1194 1097 praesens
1219 1032 1423 1097 praesenti
1442 1032 1555 1077 inter
1578 1031 1729 1077 dulces

344 1106 538 1170 loquelas
561 1105 766 1151 obderem
782 1142 792 1160 ‚
822 1105 951 1168 plane
977 1104 1230 1150 Christiano
1266 1103 1490 1149 intellectu
1514 1113 1556 1148 et
1592 1102 1730 1149 devo-

348 1176 465 1222 tione
488 1176 678 1233 solvisti,
701 1175 773 1221 sed
793 1176 920 1221 nimis
943 1175 1103 1221 cursim
1118 1175 1390 1230 etbreviter3
1411 1173 1732 1238 possetquippe

348 1247 411 1294 ibi
433 1247 659 1312 aliquanto
688 1246 854 1292 diutius
873 1257 914 1292 et
943 1246 1121 1292 uberius
1139 1245 1342 1291 habitare
1370 1245 1505 1305 gratia
1531 1244 1615 1291 oris
1636 1245 1729 1296 tui,

347 1318 384 1364 si
417 1335 518 1365 cum
547 1318 720 1364 dixisses
751 1318 810 1364 ita
851 1328 887 1363 te
910 1317 955 1364 in
980 1317 1082 1373 illo,
1111 1333 1199 1380 quo
1234 1315 1416 1362 feliciter
1450 1316 1606 1371 uteris,
1633 1314 1732 1360 loco

349 1405 622 1452 perseverare
659 1387 920 1445 decrevisse,
962 1398 1010 1434 ut
1039 1386 1205 1451 siquid
1239 1385 1292 1431 de
1328 1396 1366 1431 te
1401 1385 1520 1431 aliud
1543 1384 1732 1431 Domino

345 1459 588 1523 placuerit,
615 1463 705 1519 ejus
731 1459 1001 1505 voluntatem
1035 1457 1240 1522 praeferas
1270 1467 1356 1502 tuae
1375 1493 1385 1512 ,
1428 1455 1622 1519 idipsum
1648 1455 1733 1500 ali-

350 1540 516 1593 quanto
553 1530 742 1592 apertius
768 1529 1002 1592 explicares
1026 1547 1036 1574 :
1067 1529 1271 1585 Quonam
1303 1525 1434 1572 modo
1463 1525 1733 1571 voluntatem

354 1601 456 1659 Dei,
477 1617 577 1664 quae
595 1612 753 1647 nostrae
777 1600 993 1646 voluntati
1013 1597 1315 1664 praeponenda
1338 1609 1399 1643 est
1417 1635 1427 1652 ,
1452 1596 1698 1643 noverimus
1720 1613 1730 1640 z

353 1682 501 1718 utrum
527 1683 697 1718 tantum
712 1672 757 1718 in
775 1689 821 1718 ea
844 1689 913 1727 re,
937 1689 1069 1735 quani
1086 1681 1319 1734 propterca
1336 1669 1525 1715 volentes
1548 1666 1736 1731 perferre

353 1742 564 1789 debemus
581 1779 593 1796 ‚
621 1741 722 1806 quia
754 1752 795 1788 et
820 1742 946 1788 inviti
967 1758 1233 1802 cogeremur.
1268 1739 1339 1785 lbi
1355 1739 1469 1785 enim
1492 1739 1542 1784 fit
1558 1737 1736 1802 quidem

354 1813 475 1878 quod
519 1813 758 1859 nolumus:
786 1812 859 1859 sed
896 1813 994 1859 ideo
1031 1829 1110 1858 nos
1153 1810 1409 1871 corrigimus
1442 1820 1489 1855 ut
1522 1809 1732 1862 velimus,

351 1884 456 1948 quia
486 1883 558 1930 ille
581 1884 700 1939 vult,
738 1887 864 1943 cujus
901 1883 1140 1929 voluntatis
1168 1899 1247 1927 nec
1271 1880 1563 1926 excellentiam
1588 1879 1652 1925 fas
1676 1888 1739 1924 est

352 1972 572 2009 recusare,
600 1972 680 2000 nec
701 1955 1063 2018 omnipotentiam
1084 1954 1186 1999 licet
1203 1953 1362 1999 evitare
1385 1970 1395 1997 :
1425 1952 1537 1997 sicut
1559 1953 1737 1996 Petrum

357 2025 465 2071 alter
486 2024 620 2071 cinxit
642 2035 684 2070 et
711 2024 809 2070 tulit
830 2042 917 2088 quo
942 2024 1165 2071 noluerat1
1183 2043 1194 2077 ;
1215 2033 1513 2069 verumtamen
1536 2038 1623 2086 quo
1641 2020 1733 2066 uol-

354 2095 414 2142 let
436 2095 509 2152 iit,
531 2106 573 2141 et
598 2095 744 2141 volens
770 2107 952 2142 mortem
972 2096 1144 2155 subegit
1167 2111 1376 2158 asperam.
1411 2095 1477 2138 An
1502 2104 1543 2138 et
1566 2092 1630 2138 ibi
1657 2091 1735 2137 ubi

355 2178 417 2214 est
438 2177 649 2231 potestas,
673 2184 761 2212 non
794 2179 963 2213 mutare
981 2166 1232 2213 sententiam
1252 2203 1262 2221 ‚
1290 2166 1490 2229 quamvis
1517 2162 1637 2209 aliud
1661 2179 1739 2208 oc-

357 2249 530 2295 currat,
557 2239 601 2284 in
634 2255 722 2301 quo
741 2240 889 2303 potius
915 2249 1126 2302 appareat
1148 2237 1349 2283 voluntas
1377 2235 1454 2281 Dei
1478 2234 1530 2280 ad
1559 2244 1739 2279 mutam

354 2310 456 2358 dam
477 2309 730 2364 sententiam
753 2328 829 2356 nos
851 2311 1046 2357 vocantis
1066 2348 1076 2366 ,
1101 2327 1189 2355 non
1209 2309 1310 2371 quia
1332 2317 1478 2352 nostra
1501 2305 1612 2351 mala
1626 2314 1733 2354 erat,

355 2381 430 2428 sed
452 2381 498 2426 in
521 2397 609 2444 qua
643 2391 759 2426 recte
798 2391 1141 2445 permaneretur,
1180 2379 1260 2425 nisi
1289 2378 1345 2423 ab
1377 2377 1450 2422 illo
1486 2376 1529 2421 in
1562 2375 1738 2420 alteram

355 2466 627 2498 vocaremur.
660 2451 810 2514 Neque
830 2452 946 2497 enim
977 2450 1137 2497 malum
1164 2449 1247 2495 fuit
1281 2447 1473 2494 Abrahae
1509 2445 1674 2491 nutrire
1698 2453 1740 2488 et

354 2521 542 2569 educare
565 2520 731 2579 filium,
772 2523 918 2586 quoad
956 2533 1127 2587 posset,
1158 2531 1373 2585 quantum
1400 2519 1446 2565 in
1475 2518 1571 2580 ipso
1604 2526 1734 2570 esset,

404 2605 530 2636 ¹J0an.
554 2613 622 2640 xxx,
650 2604 701 2635 18,
