1902 3268
661 298 873 331 ErisTOLA
908 301 1027 330 cxix.
1447 285 1532 348 391

162 371 208 418 in
231 369 370 415 tribus
390 383 570 414 numero
589 381 677 412 non
699 365 849 412 ordine
866 403 877 424 ,
895 365 941 412 id
962 375 1039 421 est,
1057 365 1248 428 personis
1274 382 1362 411 non
1380 366 1539 412 virtute

156 438 372 497 discretis,
387 456 499 487 unus
514 436 1250 502 atqueindivisibilishabitatDeuS.
1269 436 1427 484 Omnia
1438 454 1539 501 quae

161 512 302 560 Patris
317 523 435 570 sunt,
452 510 549 558 Filii
561 521 679 565 sunt;
696 521 737 556 et
749 527 849 575 quae
867 510 965 556 Filii
982 521 1098 566 sunt,
1114 508 1252 555 Patris
1261 519 1426 567 sunt3et
1440 525 1540 573 quae

161 585 386 647 utriusque
398 592 515 639 sunt,
534 581 721 646 Spiritus
738 581 990 628 sanctisunt
1003 580 1127 645 :quia
1144 597 1228 625 non
1243 579 1365 644 quasi
1384 597 1536 644 aequa-

162 653 264 711 lem,
280 653 353 700 sed
368 653 582 710 eamdem,
601 652 738 710 idest,
754 653 925 699 unicam
936 690 945 707 ,
960 669 1045 698 non
1061 661 1299 714 separatam
1318 650 1538 715 possident

160 725 448 771 substantiam
481 724 692 778 Deitatis3
729 733 770 769 et
793 723 889 769 ideo
909 723 977 770 vel
1002 725 1218 782 majestate
1238 721 1304 767 vel
1329 732 1453 767 aetate
1474 722 1539 767 al-

160 805 225 842 ter
248 795 431 842 alterum
457 813 546 842 non
563 793 800 860 praecedit3
823 795 928 858 quia
949 793 1088 839 dividi
1114 791 1235 856 quod
1265 791 1446 855 plenum
1475 804 1537 839 est

159 884 248 913 non
270 878 435 930 potest,
461 884 541 913 nec
565 878 627 912 est
656 866 700 911 in
722 864 996 929 plenitudine
1030 861 1221 927 aliquid,
1250 860 1370 926 quod
1401 864 1538 928 possit

158 937 476 1002 plenitudinem
497 955 720 1002 separare,
747 948 790 983 et
811 940 1015 998 majorem
1041 935 1141 993 uni,
1164 934 1375 980 minorem
1414 934 1539 981 alteri

155 1003 295 1054 facere
312 1007 575 1073 portionem.
606 1011 658 1054 In
691 1007 886 1071 personis
920 1018 1067 1053 autem
1099 1022 1188 1050 non
1218 1004 1279 1050 ita
1311 1015 1403 1050 est:
1431 1004 1535 1069 quia

153 1078 298 1125 Patris
323 1096 509 1144 persona
527 1097 616 1126 non
640 1091 701 1126 est
719 1079 841 1136 Filii,
866 1096 945 1125 nec
976 1077 1072 1123 Filii
1096 1093 1279 1141 persona
1299 1074 1447 1121 eadem
1475 1087 1533 1122 est

157 1147 347 1213 Spiritus
369 1149 520 1197 sancti.
548 1150 644 1196 Una
671 1149 811 1197 virtus
834 1159 916 1205 est,
944 1165 1077 1212 quam
1106 1146 1217 1192 trina
1237 1144 1428 1210 possidet
1450 1145 1533 1192 vir-

155 1231 249 1276 tus;
271 1238 357 1266 una
377 1221 619 1267 substantia
637 1232 699 1267 est
716 1259 727 1278 ,
755 1221 799 1267 in
820 1237 906 1284 qua
928 1219 1009 1265 tria
1034 1228 1134 1265 sunt
1155 1234 1254 1282 quae
1272 1216 1527 1264 subsistunt.

155 1291 285 1338 Pater
300 1308 400 1352 ergo
418 1301 460 1336 et
485 1291 617 1337 Filius
634 1329 644 1348 ‚
666 1302 709 1337 et
729 1291 920 1355 Spiritus
938 1300 1111 1336 sanctus
1130 1291 1347 1349 majestate
1371 1287 1537 1353 ubique·

155 1373 279 1420 sunt,
307 1362 411 1427 quia
440 1378 577 1409 unum
602 1374 736 1409 sunt:
765 1361 958 1427 personis
989 1371 1158 1407 tantum
1191 1358 1312 1424 apud
1345 1377 1386 1406 se
1406 1371 1534 1417 sunt,

154 1433 256 1498 quia
276 1444 357 1500 tres
377 1444 489 1479 sunt.
514 1435 570 1479 Et
586 1434 752 1498 reliqua
769 1432 1024 1495 hujusmodi
1045 1442 1203 1487 terrem,
1228 1447 1318 1476 rem
1337 1447 1386 1476 eo
1401 1447 1536 1495 usque

155 1501 340 1557 deduxi,
369 1515 418 1550 ut
451 1516 685 1569 praesentes
715 1504 895 1569 quidem
932 1514 973 1549 et
998 1502 1164 1566 ubique
1187 1517 1274 1547 csse
1302 1518 1529 1566 personas,

154 1573 229 1636 sed
252 1573 370 1620 illam
387 1611 398 1631 ,
426 1591 526 1638 quaa
546 1591 678 1638 supra
706 1573 841 1621 coelos
857 1612 868 1631 ,
892 1585 1008 1619 trans
1029 1572 1163 1618 maria
1177 1609 1187 1628 ,
1210 1570 1324 1618 ultra
1346 1570 1504 1618 inferos
1519 1609 1530 1629 ‚

158 1663 244 1692 una
287 1656 415 1709 atque
454 1645 602 1692 eadem
628 1657 690 1692 est
717 1649 938 1706 majestate
958 1682 968 1701 ,
998 1645 1230 1690 firmarem.
1267 1643 1327 1688 Ex
1350 1660 1438 1707 quo
1463 1642 1536 1690 in-

156 1715 293 1777 telligi
324 1714 482 1762 debere
511 1717 834 1773 monstrabam,
870 1715 1125 1771 hominem,
1165 1731 1293 1779 quem
1337 1714 1536 1761 Christus

156 1786 411 1851 assumpsit,
428 1786 473 1832 in
496 1788 636 1833 Deum
658 1785 837 1852 quidem
852 1803 1021 1834 versum
1039 1795 1287 1849 susceptam
1307 1802 1395 1831 non
1421 1785 1535 1831 amia

156 1857 253 1903 sisse
263 1868 483 1911 naturam,
500 1868 747 1904 nontamen
762 1857 883 1922 quasi
897 1867 1100 1922 quartam
1120 1854 1240 1901 credi
1252 1872 1494 1920 personam,
1514 1878 1534 1899 c<

222 1927 272 1974 V.
316 1948 334 1968 α
356 1927 441 1973 Sed
471 1938 517 1973 tu
539 1927 604 1973 vii·
631 1928 704 1974 cui
730 1928 892 1974 coelum
915 1966 925 1985 ,
962 1938 1010 1973 ut
1043 1926 1250 1984 arbitror,
1273 1925 1417 1991 ipsum
1434 1928 1537 1974 sub-

159 1995 310 2044 tilitate
330 1998 644 2058 cogitationum
668 1998 829 2044 intrare
849 2015 1103 2045 concessum
1121 2008 1182 2042 est
1200 2017 1212 2052 ;
1234 2014 1359 2043 verax
1379 1998 1538 2045 etenim

156 2078 219 2115 est
236 2067 312 2132 qui
338 2068 396 2114 ait
419 2085 429 2113 ε
457 2068 619 2114 «Beati
649 2067 814 2115 mundo
839 2069 997 2126 corde,
1036 2067 1244 2133 qnoniam
1279 2067 1363 2133 ipsi
1396 2070 1538 2115 Deum

157 2159 179 2181 »
198 2137 414 2185 videbunt
429 2139 444 2168 ³
462 2159 474 2194 ;
494 2160 516 2182 »
538 2156 670 2204 super
695 2139 843 2187 omnia
871 2140 1010 2187 sidera
1034 2139 1089 2186 ad
1108 2139 1248 2203 ipsam
1268 2140 1538 2204 contempla-

156 2209 321 2256 tionem
349 2209 623 2258 altitudinem
660 2211 816 2258 mundi
846 2211 989 2259 cordis
1024 2210 1204 2267 attollis,
1235 2210 1295 2256 ais
1324 2228 1412 2256 non
1436 2221 1539 2258 tan-

156 2297 291 2348 quam
309 2279 488 2345 aliquod
505 2298 666 2346 corpus
679 2281 837 2329 debere
859 2283 1038 2344 cogitari
1057 2284 1213 2328 Deum.
1235 2281 1347 2327 Nam
1372 2281 1539 2329 etiamsi

156 2351 376 2417 quispiam
395 2353 540 2399 animo
563 2351 705 2401 lucem
724 2354 876 2402 millies
894 2372 1025 2419 quam
1041 2354 1174 2414 hujus
1191 2352 1290 2398 solis
1310 2352 1540 2400 clariorem

158 2421 526 2488 intensioremque
549 2425 796 2486 confingat,
824 2425 990 2471 nullam
1013 2424 1103 2470 illic
1114 2423 1191 2469 Dei
1210 2422 1538 2471 similitudinem

159 2491 477 2558 comprehendi
503 2512 652 2559 posse,
691 2495 794 2560 quia
826 2513 988 2560 corpus
1018 2505 1079 2541 cst
1113 2511 1240 2540 omne
1271 2495 1391 2558 quod
1419 2497 1537 2542 cerni

158 2574 334 2632 potest:
359 2563 434 2611 sed
453 2563 566 2613 sicut
575 2565 789 2627 justitiam
815 2566 884 2613 vel
904 2567 1106 2631 pietatem
1133 2581 1386 2630 corpoream
1413 2567 1537 2630 cogi-

210 2649 220 2671 ¹
238 2645 355 2680 Manli.
376 2658 405 2686 v,
424 2648 456 2679 8.
1503 2640 1506 2642 ’
