1902 3268
654 297 870 330 EPISTOLA
905 299 1063 328 cxvnt.
1452 284 1545 347 379

162 367 298 416 verbo
333 381 435 413 cum
470 363 649 412 homine
676 363 975 409 contendere?
1016 361 1298 409 Manifestum
1338 374 1399 409 ost
1433 365 1548 410 enim

163 437 359 488 omnium
393 454 536 483 rerum
573 435 910 498 descriptionem
937 446 978 480 et
1011 434 1191 480 modum
1229 435 1285 480 ab
1318 434 1391 480 illa
1419 436 1508 484 ficri
1530 472 1542 491 ,

163 525 345 572 eamque
380 525 467 558 non
511 508 750 567 incongrue
789 507 878 553 dici
909 508 1155 561 infinitam,
1189 523 1275 551 non
1304 524 1381 570 per
1409 506 1547 569 spatia

162 579 359 630 locorum
376 617 387 635 ,
414 579 487 625 scd
516 596 595 642 per
620 579 861 642 potentiam
884 616 894 635 ,
931 596 1030 642 quae
1057 578 1318 638 cogitatione
1350 578 1547 624 humana

164 650 482 715 comprehendi
502 668 588 697 non
609 662 775 714 potest3
805 668 943 714 neque
963 650 1083 713 quod
1107 648 1289 695 informe
1308 648 1472 712 aliquid
1491 649 1547 696 sit

163 722 257 786 ipsa
281 721 518 785 sapientia,
558 721 646 767 hoe
671 723 786 767 enim
811 738 1048 784 corporum
1073 731 1134 766 cst
1154 755 1164 774 ‚
1191 729 1236 764 ut
1256 735 1546 782 quaecumque

164 792 336 846 infinita
371 792 562 848 suerint,
606 792 691 838 sint
716 803 758 838 ct
783 791 1004 839 informia.
1046 791 1200 836 Cicero
1233 800 1377 837 autem
1401 789 1547 836 studio

165 861 439 921 refellendi&
468 873 683 926 quantum
709 861 882 908 videtur
900 898 910 918 ‚
943 871 1126 925 propter
1151 858 1419 907 adversarios
1443 875 1546 905 cor-

166 933 374 998 poraliter
399 934 628 983 sentientes
661 943 789 993 negat
812 933 984 979 infinito
1024 932 1192 995 aliquid
1222 931 1348 992 jungi
1381 947 1507 994 posse
1530 965 1544 986 ‚

167 1005 274 1068 quia
298 1021 345 1061 ex
364 1021 411 1051 ea
430 1015 556 1067 parte
585 1022 670 1068 qua
702 1004 922 1068 quidquid
955 1003 1238 1064 adjungitur3
1271 1019 1439 1048 necesse
1462 1017 1550 1047 esse

166 1075 212 1126 in
235 1075 498 1139 corporibus
519 1075 708 1139 aliquem
729 1076 875 1122 finem.
904 1076 1009 1122 Ideo
1030 1075 1089 1122 ait
1106 1096 1125 1118 α
1140 1076 1238 1122 Non
1252 1090 1352 1121 eum
1372 1072 1545 1129 vidisse,

167 1163 308 1211 neque
329 1157 498 1193 motum
525 1147 666 1194 sensui
685 1151 894 1207 Junctum
932 1157 973 1193 et
1011 1147 1307 1197 continentem
1331 1181 1342 1201 ,
1371 1166 1392 1187 υ
1415 1143 1462 1190 id
1487 1153 1551 1189 est

169 1217 376 1272 continua
416 1217 697 1281 copulatione
740 1217 1036 1264 adhaerentem
1059 1254 1070 1273 ,
1111 1239 1131 1259 «
1155 1216 1362 1272 Infinito‚
1409 1214 1454 1261 id
1489 1222 1552 1259 est

169 1290 355 1346 infinitae
378 1290 464 1346 rei,
509 1290 647 1338 ullum
683 1308 770 1337 esse
801 1308 993 1354 posse,»
1040 1290 1165 1354 quasi
1200 1289 1254 1335 de
1287 1287 1550 1352 corporibus

171 1371 338 1422 ageret,
367 1361 530 1425 quibus
554 1362 666 1408 nihil
696 1363 848 1423 jungi,
889 1362 971 1408 nisi
998 1379 1075 1426 per
1099 1362 1205 1410 fines
1228 1360 1427 1410 locorum
1464 1375 1551 1422 po-

170 1445 266 1483 test.
293 1434 366 1480 Sic
394 1445 537 1483 autern
571 1434 739 1481 addidit
761 1472 772 1490 ,
803 1437 831 1476 ⁸«
855 1435 1004 1497 Neque
1025 1451 1198 1481 sensum
1224 1433 1403 1481 omnino
1421 1469 1432 1488 ‚
1464 1448 1554 1494 quo

171 1522 260 1556 non
289 1515 379 1552 tota
399 1515 552 1556 natura
578 1505 703 1568 pulsa
727 1506 928 1561 sentiret,
953 1527 972 1547 ›>
992 1505 1118 1569 quasi
1141 1504 1212 1551 ille
1235 1502 1410 1553 dixisset
1428 1518 1554 1549 men-

171 1586 257 1626 tem
278 1575 397 1627 illam
422 1574 734 1622 ordinatricem
763 1587 806 1621 et
830 1575 1164 1622 moderatricem
1182 1590 1328 1621 rerum
1358 1572 1556 1621 omnium

171 1646 338 1698 habere
367 1662 538 1695 sensum
561 1683 572 1703 ,
598 1645 774 1709 qualem
807 1646 944 1692 habet
968 1645 1113 1695 anima
1132 1662 1212 1708 per
1233 1660 1410 1707 corpus.
1443 1642 1554 1693 Nam.

175 1715 452 1768 manifestum
475 1727 537 1762 est
559 1727 695 1762 totam
722 1717 879 1762 sentire
912 1717 1127 1772 animam,
1153 1732 1254 1767 cum
1283 1731 1361 1778 per
1395 1729 1556 1776 corpus

176 1787 344 1852 aliquid
367 1788 508 1835 sentit.
543 1789 654 1833 Nam
692 1798 828 1834 totam
861 1788 1011 1852 utique
1041 1804 1129 1833 non
1162 1786 1296 1842 latet,
1337 1782 1559 1849 quidquid

175 1859 289 1909 illud
321 1869 382 1907 est
409 1858 529 1925 quod
565 1859 765 1907 sentitur.
795 1858 865 1905 Ad
896 1859 984 1905 hoc
1015 1868 1162 1906 autem
1186 1856 1296 1906 dixit
1317 1866 1452 1905 totam
1476 1871 1560 1904 na-

178 1941 322 1983 turam
347 1931 503 1979 sentire
525 1967 536 1987 ,
566 1941 615 1976 ut
648 1930 712 1979 illi
742 1930 867 1994 quasi
901 1930 1105 1986 auferret,
1131 1927 1254 1995 quod
1279 1928 1340 1976 ait
1371 1936 1562 1975 mentem

177 2001 410 2052 infinitam.
448 2001 687 2058 Quomodo
723 2002 842 2048 enim
874 2012 965 2048 tota
998 2001 1159 2056 sentit,
1193 2000 1229 2046 si
1261 1997 1436 2049 infinita
1461 1998 1563 2047 esti>

171 2072 340 2123 -Sensus
363 2072 477 2123 enim
498 2073 698 2136 corporis
717 2073 774 2122 ab
790 2073 938 2137 aliquo
956 2072 1055 2119 loco
1074 2070 1250 2136 incipit,
1272 2086 1353 2120 nec
1374 2084 1563 2133 percur-

181 2145 241 2194 rit
269 2154 411 2194 totum
431 2180 442 2199 ‚
463 2143 546 2190 nisi
570 2144 624 2190 ad
649 2148 772 2204 cujus
799 2145 928 2190 finem
948 2143 1223 2208 pervenerim
1248 2139 1370 2206 quod
1388 2139 1435 2188 in
1457 2138 1564 2189 infi-

183 2216 276 2262 nito
310 2215 399 2260 dici
435 2232 522 2260 non
554 2227 708 2278 potest.
743 2215 827 2261 Sed
849 2232 989 2280 neque
1023 2214 1097 2261 ille
1119 2214 1173 2260 do
1208 2227 1336 2258 sensu
1370 2209 1568 2273 corporis

185 2285 352 2350 aliquid
381 2285 558 2333 dixerat.
590 2290 646 2332 Et
665 2287 790 2332 aliter
811 2286 977 2333 dieitur
999 2295 1169 2340 totum,
1198 2281 1319 2346 quod
1355 2281 1565 2344 incorpo-

185 2375 306 2405 reum
335 2367 395 2403 est
413 2394 422 2404 .
453 2357 557 2420 quia
586 2357 675 2404 sine
708 2358 872 2404 finibus
895 2357 1092 2404 locorum
1116 2352 1375 2414 intelligitur
1398 2389 1410 2407 ‚
1445 2361 1495 2397 ut
1523 2360 1567 2398 et

188 2438 326 2475 totum
360 2438 401 2473 et
427 2428 648 2476 infinitum
685 2428 773 2474 dici
807 2429 943 2492 possit
971 2446 981 2474 ε
1012 2437 1155 2473 totum
1178 2434 1362 2491 propter
1383 2421 1567 2482 integri-

188 2510 319 2548 tatem
346 2520 356 2554 ;
383 2498 624 2554 infinitum,
646 2500 749 2563 quia
769 2499 969 2547 locorum
987 2498 1152 2547 finibus
1174 2513 1266 2548 non
1289 2492 1496 2546 ambitur.

252 2570 389 2619 XXV.
417 2591 435 2618 ᾳ
456 2569 639 2627 Deinde,
661 2571 829 2634 inquit,
847 2570 882 2619 si
902 2580 1089 2620 mentem
1106 2569 1247 2633 ipsam
1263 2564 1388 2629 quasi
1406 2562 1566 2620 animal

239 2655 324 2687 ¹Lib
363 2667 387 2685 t.
408 2656 445 2684 vie
468 2656 539 2685 Nat.
560 2657 711 2686 Deorum..
