1902 3268
636 293 849 323 mns'roLA
887 293 975 322 xm.
1421 282 1504 328 165

132 359 331 423 nihilque
361 359 453 406 sieri
479 359 591 405 sinat
614 375 690 422 per
713 374 817 406 1105.
854 357 974 421 quod
1003 369 1045 403 et
1071 358 1200 404 nohis
1233 371 1274 404 et
1304 361 1508 407 Ecclesia2

132 445 222 476 suae
245 447 329 476 non
346 429 546 493 expedire
565 429 692 488 longe
716 429 867 475 melius
887 429 1008 475 novit
1032 430 1122 492 ipse
1141 446 1275 492 quam
1298 448 1386 478 nos,

197 501 253 546 X.
281 500 414 547 Modo
441 517 541 547 cum
573 500 692 564 apud
731 500 954 546 Calamam
986 517 1170 546 essemus
1191 538 1200 551 ,
1236 512 1282 546 ut
1307 502 1440 547 nostri
1465 502 1506 548 in

132 582 218 618 tam
243 572 364 633 gravi
385 572 534 619 dolore
552 572 618 618 vel
633 573 965 618 consolarentur
982 572 1146 628 afflicti,
1170 573 1234 619 vol
1259 573 1510 620 sedarentur

132 643 330 699 accensi,
350 654 566 707 quantum
584 645 809 707 potuimus
834 642 953 705 quod
978 642 1022 687 in
1046 652 1241 705 tempore
1266 644 1509 706 oportuisse

131 712 494 771 existimavimus,
528 731 629 760 eum
655 713 915 759 Christianis
953 712 1132 771 egimus.
1177 712 1346 758 Deinde
1380 714 1509 759 etiam

129 781 248 846 ipsos
272 800 487 846 paganos,
507 784 610 830 mali
632 784 738 829 tanti
763 793 899 846 caput
929 793 970 828 et
1002 798 1177 827 causam
1201 819 1210 840 2
1236 793 1428 845 petentes
1463 795 1510 828 ut

131 852 188 898 ab
215 854 275 899 eis
300 853 548 900 videremur
570 891 580 905 ,
608 853 862 899 admisimus
879 889 889 908 ,
918 863 966 898 ut
997 852 1083 897 hac
1103 852 1331 899 occasione
1353 853 1509 899 admo-

130 939 330 970 neremus
366 941 467 980 eos,
502 923 612 987 quid
646 923 786 968 facere
812 922 1050 977 deberent,
1085 923 1118 967 si
1153 934 1383 986 saperent,
1423 941 1509 969 non

133 1003 302 1039 tantum
337 1011 420 1057 pro
459 994 721 1040 removenda
757 993 963 1057 praesenti
999 992 1294 1039 sollicitudine
1316 1031 1325 1049 ‚
1361 1011 1509 1040 verum

129 1063 259 1108 etiam
291 1081 372 1126 pro
411 1063 673 1127 inquirenda
706 1064 842 1109 salute
878 1074 1104 1126 perpetua.
1150 1063 1294 1109 Multa
1328 1082 1348 1109 a
1386 1064 1513 1109 nohis

130 1133 390 1192 audierunt,
419 1135 605 1181 multum
627 1135 755 1180 etiam
785 1136 867 1198 ipsi
900 1145 1163 1194 rogaverunt
1188 1152 1198 1180 :
1235 1134 1307 1180 sed
1332 1136 1445 1181 absit
1464 1146 1512 1181 ut

132 1203 236 1249 tales
253 1206 362 1251 servi
393 1206 524 1251 simus
545 1243 556 1261 ‚
592 1223 701 1269 quos
732 1206 786 1251 ab
814 1206 872 1250 eis
893 1205 1032 1263 rogari
1055 1205 1264 1261 delectet,
1295 1224 1315 1251 a
1346 1206 1510 1269 quibus

130 1285 275 1320 noster
299 1276 511 1322 Dominus
537 1294 622 1321 non
647 1286 836 1335 rogatur.
863 1276 987 1320 Unde
1015 1276 1213 1337 pervides
1236 1294 1314 1339 pro
1340 1276 1511 1323 vivaci-

131 1347 391 1392 tatessmentis
412 1357 499 1393 tuae
517 1386 528 1403 ,
557 1347 609 1393 ad
638 1348 724 1392 hoc
745 1364 832 1392 esse
856 1347 1084 1392 nitendum
1109 1359 1276 1393 servata
1306 1365 1509 1393 mansue-

130 1416 310 1466 tudine.
342 1428 384 1463 et
409 1418 703 1465 moderatione
730 1418 986 1474 christiana,
1017 1429 1063 1463 ut
1083 1429 1156 1463 aut
1176 1429 1353 1464 caeteros
1372 1418 1511 1464 deter-

130 1503 301 1534 reamus
314 1505 463 1535 eorum
478 1490 636 1535 imitari
655 1489 998 1552 perversitatem,
1020 1499 1096 1534 aut
1113 1500 1293 1534 caeteros
1311 1500 1512 1552 optemus

130 1574 279 1604 eorum
302 1559 464 1605 imitari
488 1562 814 1607 correctionem.
836 1561 1005 1605 Damna
1029 1577 1130 1623 quae
1160 1560 1279 1605 illata
1303 1571 1420 1614 sunt,
1445 1560 1511 1606 vel

131 1628 373 1675 tolerantur
395 1648 417 1675 a
438 1630 790 1684 Christianis‚vel
816 1631 1109 1675 resarciuntur
1126 1631 1504 1693 perChristianoS.

134 1699 390 1746 Animarum
416 1718 494 1747 nos
511 1702 633 1748 lucra
652 1740 662 1758 ‚
687 1702 848 1765 quibus
870 1702 1147 1764 acquirendis
1178 1718 1278 1746 cum
1309 1702 1505 1764 pericuio

131 1770 263 1815 ctiam
297 1772 519 1831 sanguinis
549 1773 797 1820 inhiamus.
834 1783 877 1816 ct.
914 1772 956 1817 in
988 1772 1084 1817 loco
1124 1771 1198 1816 ilio
1240 1773 1512 1833 quaestiosius

132 1841 378 1904 provenire,
407 1853 448 1887 ot
471 1842 562 1888 aliis
584 1843 690 1888 locis
714 1842 787 1887 illo
806 1842 999 1905 exemplo
1018 1859 1105 1886 non
1127 1842 1328 1904 impediri
1346 1841 1511 1887 deside-

132 1928 292 1959 ramus.
320 1912 399 1958 Dei
417 1913 711 1959 misericordia
738 1912 863 1958 nobis
885 1922 1058 1974 praestet
1081 1913 1133 1957 de
1155 1923 1226 1958 tua
1253 1912 1388 1957 salute
1411 1928 1512 1971 gau-

134 1982 249 2030 dere.
