1902 3268
344 257 434 317 296
766 273 800 303 s.
844 274 1092 305 Aucus'rim
1128 275 1333 306 Erlscom

344 338 458 394 Quae
497 354 585 383 non
625 339 749 402 quasi
789 356 913 402 seque
951 342 1255 403 peccantibus,
1298 358 1347 386 ac
1385 341 1419 387 si
1457 340 1725 405 petulantius

344 406 481 453 locuti
521 408 634 461 sint3
676 408 750 453 scd
780 408 833 453 de
874 409 1030 455 scelere
1069 411 1380 456 immanissimo
1420 424 1550 476 atque
1586 412 1724 476 impio

346 488 461 523 recte
482 478 799 539 poenitentibus
834 479 1075 525 christiano
1098 484 1195 540 jure
1212 481 1409 529 debetur.
1438 484 1506 529 Tu
1528 500 1633 529 vero
1657 483 1726 529 vir

346 549 499 593 merito
539 548 805 606 laudabilis,
854 567 906 595 ne
941 568 1089 613 quaeso
1116 552 1195 596 ista
1229 553 1448 615 paradoxa
1477 555 1722 599 Stoicorum

349 618 555 664 sectanda
581 618 735 665 doceas
762 621 1032 683 paradoxum
1069 632 1218 680 tuum,
1248 639 1382 685 quem
1408 624 1490 669 tibi
1525 635 1726 687 optamus

341 707 439 735 vera
458 690 617 753 pietate
639 708 687 737 ac
710 692 916 738 felicitate
941 693 1233 753 grandescere.
1266 695 1379 740 Nam
1413 695 1519 759 quid
1540 712 1727 755 genero-

340 777 409 806 sus
438 760 686 807 adolescens
710 779 859 827 sapere
887 764 1080 827 iniquius
1099 800 1110 821 a
1144 776 1186 809 et
1211 765 1292 810 tibi
1324 764 1410 828 ipsi
1439 765 1728 828 periculosius

340 842 499 894 potest⁷
514 849 645 895 quam
664 834 697 879 si
714 835 914 880 convicio
931 835 975 880 in
993 835 1232 899 quemlibet
1248 846 1499 881 extraneum
1512 835 1724 896 jaculato,

339 919 429 947 non
463 902 563 948 dico
599 904 891 966 parricidium
918 906 992 952 sed
1024 907 1169 970 ipsum
1197 908 1242 953 in
1273 918 1444 971 patrem
1479 906 1732 954 convicium

339 973 633 1036 coaequaverit
648 977 666 1019 ,3

405 1043 537 1090 XVL
558 1044 887 1091 Convenienter
918 1047 1064 1110 itaque
1095 1048 1213 1111 apud
1239 1066 1316 1094 nos
1335 1065 1422 1111 pro
1451 1047 1625 1093 civibus
1647 1046 1733 1093 tuis

341 1112 448 1172 agis,
471 1113 706 1173 ingerendo
732 1115 857 1161 nobis
881 1116 1224 1163 misericordiam
1247 1118 1619 1174 Christianorum,
1642 1133 1733 1162 non

341 1182 552 1229 duritiam
584 1184 837 1231 Stoicorum
871 1204 882 1231 ε
923 1204 1025 1251 quae
1054 1206 1198 1235 causae
1233 1207 1257 1234 a
1286 1200 1328 1234 te
1363 1198 1603 1251 susceptae,
1642 1203 1735 1232 non

343 1256 475 1302 modo
506 1257 620 1303 nihil
641 1260 905 1319 suffragatur
923 1298 934 1317 ,
971 1277 1124 1307 verum
1154 1262 1285 1307 etiam
1309 1261 1499 1307 multum
1528 1259 1733 1305 adversa-

345 1338 429 1374 tur.
457 1327 570 1373 Nam
596 1328 735 1392 ipsam
758 1330 1126 1388 misericordiam,
1148 1349 1283 1395 quam
1309 1332 1343 1377 si
1362 1348 1451 1377 non
1468 1329 1730 1385 habeamus,

347 1398 468 1444 nulla
487 1409 560 1445 tua
583 1400 793 1462 petitione
811 1439 822 1457 ‚
847 1401 978 1448 nullis
1003 1402 1175 1449 illorum
1196 1403 1404 1467 precibus
1426 1400 1543 1447 flecti
1567 1399 1735 1464 poteri-

346 1487 470 1526 mus,
492 1471 539 1516 in
558 1472 664 1517 vitio
685 1472 825 1518 Stoici
853 1485 1053 1537 ponunt,
1080 1492 1262 1538 eamque
1293 1492 1317 1520 a
1350 1472 1556 1537 sapientis
1590 1471 1736 1516 animo

349 1541 522 1605 penitus
544 1542 767 1605 expellunt
782 1580 794 1600 ‚
818 1562 949 1608 quem
974 1563 1150 1608 prorsus
1179 1545 1369 1592 ferreum
1387 1555 1430 1590 et
1453 1541 1738 1589 inflexibilem

349 1612 519 1659 volunt.
561 1613 711 1660 Melius
750 1615 897 1678 itaque
929 1616 1012 1662 tibi
1043 1627 1293 1662 occurreret
1325 1616 1380 1661 de
1418 1625 1494 1659 tuo
1527 1613 1739 1658 Cicerone

350 1683 471 1746 quod
499 1683 689 1742 diceres,
719 1687 798 1749 qui
839 1687 1055 1733 Caesarem
1082 1687 1266 1733 laudans
1283 1724 1295 1743 ‚
1322 1709 1337 1726 «
1362 1684 1522 1737 Nulla,
1561 1682 1735 1746 inquit,

352 1753 406 1800 de
425 1755 666 1800 virtutibus
697 1756 781 1801 tuis
814 1756 1116 1803 admirabilior
1125 1795 1137 1815 ,
1164 1757 1232 1805 vel
1256 1757 1418 1817 gratior
1441 1752 1740 1800 misericordia

355 1817 417 1871 est
435 1824 469 1872 1.
507 1846 527 1867 >2
549 1826 726 1882 Quanto
752 1828 889 1888 magis
920 1828 1051 1874 debet
1086 1846 1134 1874 ea
1158 1829 1203 1874 in
1243 1826 1452 1874 Ecclesiis
1473 1822 1740 1889 praevalere,

357 1895 534 1959 quando
560 1913 660 1942 eum
691 1910 934 1961 sequuntur
952 1899 1029 1961 qui
1053 1898 1161 1944 dixit
1178 1935 1189 1954 ς
1227 1918 1248 1939 «
1274 1899 1366 1958 Ego
1388 1913 1484 1942 sum
1504 1894 1605 1941 via2
1630 1914 1642 1947 3
1669 1916 1684 1934 ’³
1701 1902 1742 1939 et

357 1966 508 2025 legunt
527 2004 537 2022 ‚
556 1988 575 2008 «
595 1967 812 2013 Universae
831 1969 913 2014 viae
932 1969 1113 2014 Domini
1132 1966 1431 2014 misericordia
1448 1976 1490 2010 et
1511 1964 1667 2010 veritas
1677 1962 1743 2010 3.»

362 2036 463 2082 Noli
485 2054 586 2097 ergo
610 2049 799 2083 metuere
829 2039 1138 2084 innocentibus
1156 2076 1167 2094 ‚
1195 2055 1248 2084 ne
1271 2037 1504 2083 moliamur
1527 2033 1702 2079 exitium
1726 2068 1739 2089 ‚

361 2107 438 2170 qui
465 2125 544 2153 nec
580 2118 784 2154 nocentes
819 2109 1020 2156 volumus
1058 2109 1113 2155 ad
1141 2109 1324 2169 dignum
1357 2104 1625 2169 supplicium
1647 2119 1744 2179 Per-

361 2178 507 2223 venire
532 2198 540 2224 :
560 2179 827 2241 prohibente
841 2197 918 2225 nos
934 2180 1008 2225 illa
1024 2178 1340 2235 misericordia,
1355 2193 1489 2240 quam
1506 2175 1552 2219 in
1567 2173 1745 2249 Christo

363 2264 467 2293 cum
493 2249 674 2295 veritate
700 2248 936 2308 diligimus.
969 2250 1054 2296 Sed
1090 2250 1169 2314 qui
1190 2250 1306 2296 vitiis
1335 2244 1579 2293 nutriendis
1600 2252 1745 2306 parclt

363 2329 405 2364 et
426 2318 545 2365 fovet
564 2356 575 2375 ,
604 2336 658 2366 ne
684 2321 910 2366 contristet
924 2324 1206 2385 peccantium
1229 2320 1499 2367 voluntatem
1515 2351 1527 2371 ,
1549 2324 1638 2360 tam
1655 2329 1746 2358 non

363 2399 426 2435 est
447 2390 706 2447 misericors,
733 2408 866 2455 quam
886 2392 1072 2456 quinon
1086 2392 1181 2439 vult
1200 2390 1391 2437 cultrum
1413 2401 1568 2449 rapere
1584 2399 1742 2447 puero,

366 2477 421 2506 ne
447 2460 596 2506 audiat
619 2461 864 2525 plorantem
884 2499 896 2519 ,
923 2473 966 2508 et
991 2480 1079 2509 non
1100 2463 1249 2519 timet,
1283 2477 1338 2507 ne
1356 2456 1634 2505 vulneratum
1662 2451 1747 2498 do-

365 2529 452 2577 leat
471 2531 539 2578 vel
565 2531 816 2580 extinctum.
843 2532 977 2582 Serva
999 2551 1099 2597 ergo
1126 2531 1315 2598 tempori
1342 2536 1596 2596 opportuno
1625 2520 1744 2589 quod

414 2614 423 2637 ¹
441 2617 532 2649 Orat.
547 2625 610 2659 pro
628 2617 672 2656 Q.
685 2614 824 2658 Ligario.
838 2633 883 2641 --
901 2615 916 2639 2
928 2616 1027 2654 Joan.
1050 2628 1115 2663 xxv,
1131 2619 1164 2652 6.
1181 2634 1226 2642 -=
1246 2614 1260 2640 3
1277 2613 1360 2648 Psal.
1380 2621 1472 2654 xxtvs
1495 2619 1545 2641 ¹⁰·
