1902 3268
308 285 401 332 530
716 300 750 328 s,
795 299 1038 331 Aueusrim
1072 299 1273 331 Emscom

304 375 400 420 ret,
426 364 509 410 hoc
532 363 678 428 potius
703 363 912 411 militibus
936 364 1167 411 consilium
1198 364 1346 411 salutis
1363 369 1614 429 petentibus
1636 370 1682 417 in

308 434 542 495 Evangelio
567 433 797 491 diceretur,
827 446 875 479 ut
903 435 1139 494 abjicerent
1173 453 1317 490 arma,
1345 454 1474 501 seque
1505 441 1682 487 omnino

308 506 473 552 militiae
502 505 822 551 subtraherent.
852 506 1030 551 Dictum
1060 517 1123 552 est
1149 517 1289 552 autem
1309 508 1394 553 eis:
1418 530 1437 549 «
1455 510 1680 558 Neminem

304 599 324 618 »
349 576 646 623 concusseritis
663 613 673 628 ,
696 575 802 620 nulli
824 575 1087 621 calumniam
1114 575 1297 622 feceritis
1314 614 1324 632 ,
1355 578 1539 624 sufficiat
1557 581 1681 627 vobis

303 671 322 687 >2
346 646 609 711 stipendium
633 657 822 692 vestrum
834 645 866 693 ¹.
891 668 910 688 ›>
937 647 1112 703 Quibus
1143 647 1375 710 proprium
1411 649 1676 711 stipendium

302 716 495 763 sussicere
513 716 669 761 dehere
684 717 897 779 praecepit
912 753 922 771 ,
946 715 1131 762 militare
1151 717 1301 780 utique
1324 734 1410 762 nen
1425 719 1672 780 prohibuit.

300 787 489 833 Proinde
508 788 584 850 qui
608 787 853 832 doctrinam
878 788 1043 832 Christi
1066 787 1285 834 adversam
1304 787 1459 833 dicunt
1482 807 1568 835 esse
1591 791 1677 836 rei-

300 857 516 922 publicae,
542 858 646 903 (lent
669 858 901 903 exercitum
936 859 1061 903 talem
1099 858 1246 921 quales
1280 857 1478 904 doctrina
1513 860 1676 906 Christi

298 946 383 975 esse
408 929 563 975 milites
584 929 738 989 jussit,
769 928 874 974 dent
898 928 998 974 tales
1022 928 1330 992 provinciales,
1358 928 1458 974 tales
1479 930 1672 987 maritos,

298 997 400 1045 tales
417 1003 621 1059 conjuges
636 1036 646 1055 ,
671 998 773 1044 tales
794 1010 1016 1062 parenteS,
1040 999 1144 1044 tales
1158 999 1292 1056 filios,
1318 998 1421 1044 tales
1444 999 1644 1046 dominos
1661 1037 1671 1053 ‚

297 1068 397 1117 tales
422 1087 562 1116 servos
580 1108 589 1125 ‚
622 1069 721 1114 tales
744 1087 881 1129 reges,
914 1069 1018 1114 tales
1036 1069 1204 1128 judices
1220 1107 1230 1122 ‚
1258 1069 1363 1114 tales
1385 1069 1573 1134 denique
1595 1071 1676 1117 de-

297 1141 490 1188 bitorum
524 1141 660 1204 ipsius
692 1141 784 1186 fisci
818 1140 1056 1186 redditores
1086 1150 1128 1185 et
1150 1141 1566 1203 exactoressquales
1593 1159 1678 1188 esse

294 1211 501 1275 praecipit
526 1211 727 1257 doctrina
752 1211 1014 1267 christiana,
1039 1221 1081 1256 et
1106 1210 1294 1256 audeant
1318 1227 1412 1256 eam
1435 1210 1578 1256 dicere
1598 1211 1676 1257 ad-

293 1300 458 1330 versam
484 1300 569 1328 esse
589 1283 646 1328 rei
651 1282 846 1346 publicae
860 1319 870 1336 ‚
891 1283 978 1327 imo
1003 1299 1105 1328 vero
1121 1300 1210 1328 non
1236 1281 1439 1327 dubitent
1456 1298 1548 1328 eam
1565 1297 1676 1328 con-

294 1353 403 1399 fiteri
426 1371 628 1413 magnam
645 1391 655 1409 ‚
676 1354 710 1398 si
728 1354 1070 1416 obtemperetur,
1093 1353 1274 1399 salutem
1292 1370 1378 1399 esse
1397 1352 1669 1416 reipublicae.

357 1424 476 1471 xvi.
511 1425 569 1469 [t
602 1424 709 1487 quid
746 1435 890 1470 autem
919 1424 974 1469 ad
1004 1424 1115 1470 illud
1147 1423 1431 1487 respondeam
1454 1423 1575 1488 quod
1602 1424 1676 1471 di-

293 1496 448 1552 cunt²‚
475 1513 554 1560 per
570 1495 782 1559 quosdam
809 1498 1094 1559 Imperatores
1112 1496 1374 1542 christianos
1397 1495 1538 1541 multa
1561 1495 1676 1542 mala

291 1567 474 1630 imperio
517 1567 721 1612 accidisse
762 1568 990 1612 Romano?
1030 1567 1139 1612 Haec
1178 1565 1382 1626 generalis
1420 1565 1674 1629 conquestio

292 1637 558 1683 calumniosa
578 1648 652 1684 est.
675 1638 785 1682 Nam
806 1637 837 1682 si
861 1637 1051 1699 apertius
1070 1646 1184 1682 certe
1203 1636 1257 1682 de
1274 1635 1504 1699 praeteritis
1523 1637 1675 1699 Impe-

291 1709 512 1754 ratoribus
554 1709 699 1772 aliqua
741 1718 1157 1765 commemorarent,
1199 1724 1370 1772 possem
1411 1706 1566 1752 similia
1607 1706 1671 1753 vel

290 1778 467 1825 fortasse
493 1780 623 1825 etiam
648 1779 845 1839 graviora
867 1778 918 1824 de
946 1778 1292 1842 Imperatoribus
1312 1794 1401 1823 non
1423 1775 1675 1823 christianis

293 1861 333 1896 et
357 1868 433 1911 ego
459 1867 823 1906 commemorare,
853 1860 901 1895 ut
917 1850 1207 1910 intelligerent
1233 1849 1298 1896 vel
1320 1848 1548 1893 hominum
1576 1847 1674 1893 haec

294 1938 380 1966 esse
400 1920 503 1967 vitia
521 1939 537 1977 ‚¹
553 1939 638 1967 non
660 1920 896 1978 doctriuae3
914 1920 981 1967 vel
1000 1938 1088 1967 non
1106 1922 1428 1983 Imperatorum
1448 1956 1457 1975 ‚
1476 1918 1548 1964 sed
1571 1918 1675 1964 alio-

296 2009 391 2037 rum
432 1992 521 2036 sine
559 1993 719 2054 quihus
756 1993 1043 2055 Imperatores
1079 2008 1201 2051 agere
1231 1990 1342 2035 nihil
1377 2000 1572 2052 possunt.
1613 1990 1674 2034 Ex

295 2079 382 2125 quo
400 2063 512 2107 enim
531 2073 724 2125 tempore
742 2080 909 2125 pessum
926 2064 986 2108 ire
996 2062 1182 2125 coeperit
1194 2062 1389 2106 Romana
1406 2059 1669 2123 respublica,

297 2133 396 2177 satis
417 2131 596 2195 liquctss.
626 2134 775 2177 litter-oe
796 2132 1039 2195 loquuntur
1061 2134 1280 2195 ipsorum,
1298 2130 1422 2190 longe
1440 2141 1672 2192 antequam

299 2202 464 2247 Christi
492 2220 648 2247 nomen
678 2203 871 2247 emisset
896 2203 940 2247 in
966 2202 1087 2247 terris
1108 2202 1274 2247 (lictum
1296 2210 1357 2245 est
1379 2217 1389 2244 :
1413 2220 1432 2240 «
1457 2200 1494 2245 O
1521 2199 1674 2243 urbem

294 2272 489 2318 venalem
509 2310 520 2328 ,
545 2283 585 2318 et
604 2283 770 2317 mature
792 2272 1031 2335 perituram
1048 2272 1081 2317 si
1100 2282 1340 2334 emptorem
1360 2267 1598 2315 invenerit-'¹
1617 2270 1625 2314 l
1653 2290 1672 2310 >2

299 2345 349 2387 lu
386 2341 502 2387 libro
542 2344 669 2388 ctiam
698 2342 800 2387 belli
844 2343 1069 2398 cautim,
1111 2353 1209 2387 ante
1249 2341 1482 2387 adventum
1523 2340 1674 2402 utique

295 2412 480 2470 Christi,
518 2414 632 2459 idem
673 2413 967 2459 nobilissimus
996 2415 1230 2459 historicus
1263 2430 1412 2458 eorum
1443 2428 1530 2456 non
1562 2421 1674 2455 tacet

297 2483 474 2546 quando
530 2485 720 2546 primum
768 2485 1000 2530 in2ucvcrit
1044 2485 1250 2530 exercitus
1292 2482 1448 2547 populi
1505 2480 1671 2527 {omani

345 2585 353 2604 ¹
378 2584 453 2615 Luc⁴
487 2596 536 2619 ιιι,
573 2592 623 2620 13,
640 2603 684 2608 -
710 2584 724 2605 Q
747 2584 814 2616 lib.
838 2591 867 2620 4.
890 2588 934 2616 De
953 2584 1039 2618 civit.
1060 2585 1117 2616 De}
1133 2608 1141 2621 ,
1160 2594 1227 2626 cap.
1251 2595 1278 2614 2.
1297 2600 1340 2606 —-
1361 2580 1374 2604 3
1392 2582 1455 2612 Lm
1476 2593 1504 2612 ¹2.
1526 2582 1568 2610 De
1583 2580 1669 2612 civit⁴

298 2639 353 2671 Dei
368 2662 375 2675 ‚
393 2649 464 2681 οη).
495 2643 544 2673 18,
562 2658 605 2663 —
626 2639 638 2661 ‘²
657 2639 957 2681 S.2tt==st15‚=111·111.
