1902 3268
588 283 803 318 semrom
840 285 968 316 Lxxv.
1420 275 1479 338 57

105 355 330 404 cacitatem
347 390 358 408 ,
384 350 505 417 quod
538 351 785 416 principem
823 349 1131 415 Apostolorum
1157 352 1334 400 Petrum
1358 363 1485 402 ausus

105 437 167 473 est
183 423 525 490 reprehendere3
550 433 593 468 et
621 439 796 483 arguere
816 423 861 468 in
884 421 1038 468 faciem
1059 458 1069 480 ‚
1098 441 1147 470 ac
1166 424 1332 471 ratione
1359 441 1482 471 cons-

104 496 311 557 tringere,
338 493 459 557 quod
484 493 596 539 male
618 493 766 538 fecerit
790 529 801 549 ‚
830 493 876 539 id
905 503 966 539 est
987 529 998 547 ,
1018 494 1062 539 in
1081 511 1130 539 eo
1157 512 1300 541 errore
1319 495 1450 541 fuerit
1469 532 1479 547 ,

104 566 150 612 in
172 582 260 630 quo
282 565 364 611 fuit
398 564 512 628 ipse,
553 563 629 626 qui
661 563 792 609 alium
824 563 965 623 arguit
987 563 1325 628 delinquentem.
1363 564 1485 621 Quid

105 635 249 682 dicam
272 635 326 681 de
345 634 530 689 Joanne,
551 633 627 697 qui
641 632 659 662 1
680 633 851 679 dudum
876 633 920 678 in
942 634 1188 696 pontificali
1209 635 1347 695 gradu
1369 636 1484 681 Con-

106 705 536 769 stantinopolitanam
562 705 667 749 rexit
693 703 917 749 ecclesiam
933 738 944 759 ,
972 714 1013 749 et
1046 705 1226 767 proprie
1248 718 1378 768 super
1400 705 1486 751 hoc

106 776 301 841 capitulo
324 775 581 821 latissimum
608 773 796 819 exaravit
819 773 982 819 librum
1006 811 1017 830 ‚
1050 774 1094 820 in
1111 791 1200 838 quo
1226 775 1426 835 Origenis
1446 785 1488 820 et

105 858 297 894 veterum
318 846 571 893 sententiam
595 855 656 890 est
673 847 873 891 secutus?
898 845 933 891 si
951 845 1084 905 igitur
1108 863 1176 892 me
1200 846 1485 910 reprehendis

106 928 347 973 errantem,
385 925 534 979 patere
568 931 660 970 me,
693 931 870 978 quaem,
908 932 1048 961 errare
1083 933 1184 962 cum
1213 917 1410 963 talibus:
1449 926 1490 962 et

107 1003 207 1033 cum
238 1004 306 1032 me
336 986 492 1032 erroris
514 985 599 1030 mei
624 985 783 1030 multos
800 984 938 1031 socios
957 986 1120 1032 habere
1146 988 1392 1050 perpexeris
1409 1023 1420 1042 ‚
1443 997 1490 1032 tu

106 1057 298 1103 veritatis
334 1066 421 1102 tuae
457 1055 606 1101 saltem
637 1071 774 1101 unum
807 1055 1135 1119 astipulatorem
1173 1057 1368 1120 proferre
1405 1056 1485 1102 de-

106 1127 248 1173 bebis.
282 1127 390 1172 Haec
414 1126 468 1172 de
488 1126 790 1189 explanatione
825 1127 954 1171 unius
983 1127 1167 1189 capituli
1203 1126 1411 1190 Epistolae
1434 1126 1488 1172 ad

109 1197 300 1244 Galatas.
324 1218 342 1238 ›2

177 1268 277 1314 Vll.
306 1288 325 1308 (ι
344 1266 427 1312 Sed
453 1283 505 1311 ne
533 1266 903 1312 videar·adversus
924 1267 1138 1312 rationem
1160 1279 1279 1314 tuam
1300 1268 1380 1313 niti
1406 1279 1492 1314 tes-

108 1339 216 1384 tium
243 1354 424 1383 numero
444 1373 454 1393 ‚
477 1347 518 1382 et
539 1336 764 1383 occasione
787 1337 979 1383 virorum
1005 1337 1241 1384 illustrium
1265 1338 1491 1384 subterfu-

108 1426 203 1470 gere
232 1408 479 1464 veritatem‚
507 1423 586 1453 nec
621 1423 801 1453 manum
829 1407 989 1453 audere
1014 1425 1242 1455 conserere
1264 1447 1276 1466 ‚
1304 1409 1493 1455 breviter

108 1479 161 1526 de
184 1478 424 1542 Scripturis
450 1477 646 1541 exempla
669 1495 929 1542 proponam.
961 1480 1013 1523 In
1041 1479 1223 1526 Actibus
1248 1479 1486 1544 Apostolo-

108 1567 204 1597 rum
223 1587 234 1606 ,
256 1566 337 1596 vox
359 1549 475 1595 facta
504 1560 565 1595 est
594 1548 649 1595 ad
673 1551 853 1595 Petrum
876 1549 1023 1596 dicens
1044 1569 1055 1595 ε
1095 1571 1115 1593 α
1142 1551 1298 1612 Surge,
1331 1555 1454 1597 Petre
1474 1588 1485 1607 ‚

109 1643 130 1664 >³
149 1620 302 1668 occide
325 1631 367 1666 et
390 1619 638 1666 manduea2
656 1657 666 1677 ‚
688 1641 708 1662 »
732 1620 777 1666 id
806 1631 885 1675 est,
908 1621 1054 1667 onmia
1075 1622 1278 1668 animalia
1295 1623 1490 1686 quadru-

107 1691 273 1756 pedum
297 1728 307 1746 ‚
348 1701 390 1736 et
422 1691 687 1754 serpentium
718 1702 876 1748 terrae,
904 1702 946 1737 et
968 1691 1213 1739 volatilium
1244 1693 1360 1740 coeli.
1393 1694 1494 1750 Quo

110 1762 254 1818 dicto,
293 1760 536 1807 ostenditur
562 1760 733 1806 nullum
763 1761 984 1807 hominem
1022 1763 1262 1809 secundum
1292 1774 1494 1809 naturam

110 1849 197 1878 esse
222 1830 470 1895 pollutum,
500 1829 573 1876 sed
594 1830 821 1894 aequaliter
844 1848 991 1877 omnes
1019 1832 1073 1878 ad
1099 1833 1264 1879 Christi
1292 1834 1492 1893 Evange-

110 1903 218 1949 lium
240 1901 489 1967 provocari.
517 1901 585 1947 Ad
601 1901 721 1965 quod
740 1903 965 1965 respondit
986 1907 1138 1949 Petrus
1161 1921 1171 1948 :
1197 1925 1216 1945 «
1234 1905 1371 1960 Absit,
1389 1904 1493 1968 quia

112 1996 133 2017 ›>
159 1990 389 2037 nunquam
411 1972 676 2019 manducavi
694 1989 928 2019 commune
951 1983 993 2019 et
1015 1974 1311 2022 immundum.
1336 1976 1391 2021 Et
1413 1993 1492 2021 vox

111 2066 132 2088 >2
153 2045 209 2091 ad
230 2061 330 2091 eum
347 2043 402 2090 de
424 2043 540 2090 coelo
566 2043 758 2090 secundo
781 2043 894 2090 fecta
913 2055 976 2090 est
993 2082 1004 2100 ‚
1034 2045 1184 2092 dicens
1206 2064 1217 2092 2
1245 2047 1357 2103 Quae
1379 2048 1494 2092 Deus

114 2137 133 2158 »
153 2114 407 2172 mundavit,
435 2125 483 2160 tu
518 2131 571 2159 ne
597 2131 829 2160 commune
863 2114 1030 2161 dixeris.
1079 2116 1165 2162 Ivit
1198 2117 1345 2180 itaque
1383 2117 1487 2162 Cae-

114 2207 133 2228 »
159 2203 347 2239 saream3
373 2195 414 2232 et
429 2185 642 2245 ingressus
667 2185 722 2230 ad
743 2185 1020 2242 Cornelium,
1045 2187 1238 2250 aperiens
1266 2205 1312 2233 os
1334 2204 1458 2233 suum
1480 2224 1490 2242 ‚

115 2280 133 2300 »
153 2257 292 2303 dixit:
320 2257 372 2301 In
402 2256 582 2302 veritate
605 2257 833 2320 comperi,
867 2257 971 2320 quia
993 2275 1083 2303 non
1114 2268 1176 2303 est
1208 2275 1494 2321 personarum

113 2350 133 2370 »
155 2337 358 2392 acceptor
375 2328 490 2372 Deus
513 2344 524 2372 ε
552 2326 625 2372 sed
646 2327 691 2373 in
717 2328 836 2374 omni
863 2339 989 2388 gente
1010 2365 1020 2383 ‚
1043 2329 1120 2391 qui
1150 2328 1273 2374 timet
1298 2345 1397 2374 eum
1419 2366 1429 2382 ,
1456 2340 1497 2375 et

115 2420 134 2440 s,
154 2409 360 2463 operatur
386 2397 599 2458 justitiam
615 2434 626 2454 ,
667 2409 871 2461 acceptus
894 2409 956 2443 est
992 2398 1070 2445 illi.
1116 2398 1314 2462 Denique
1338 2399 1497 2445 eccidit

112 2492 131 2515 υ
155 2469 344 2534 Spiritus
371 2478 544 2515 sauctus
567 2484 698 2531 super
719 2485 814 2525 eos,
843 2478 885 2514 et
904 2469 1226 2532 obstupuerunt
1238 2486 1286 2514 ex
1309 2469 1498 2515 circum-

166 2568 550 2611 'J0211.Chrysostom11s
573 2567 736 2611 depositus
764 2567 901 2611 primum
930 2579 982 2600 au.
1011 2570 1085 2604 403.
1107 2568 1180 2600 εἴτε.
1209 2580 1312 2601 nvom.
1343 2570 1409 2600 Jut.
1430 2575 1495 2601 tum

115 2639 164 2659 an.
188 2632 262 2662 493.
281 2625 348 2667 ipso
367 2625 418 2656 die
436 2623 539 2662 magni
565 2622 698 2656 sabbati.
719 2641 765 2649 --
781 2622 795 2645 Ἰ
815 2627 888 2658 Act.
912 2635 942 2661 x,
971 2626 1020 2656 13.
