1902 3268
367 250 427 295 3ss
776 262 809 291 5.
855 258 1099 290 Aumtsrrut
1136 259 1338 289 El‘lsCOPI

366 339 558 393 expecto,
588 325 753 372 Primas
772 326 898 371 etiam
918 342 1024 390 quas
1045 325 1099 371 ad
1120 336 1159 371 te
1180 324 1326 371 adhue
1345 326 1748 389 presbyterlitteras

364 414 712 464 praeparaveram
734 395 965 441 mittendas
991 414 1068 459 per
1088 395 1321 459 quemdam
1348 395 1526 442 fratrem
1547 408 1746 443 nostrum

363 472 651 516 Profuturum
677 483 750 529 qul
776 476 922 528 postea
950 466 1113 526 collega
1143 466 1270 512 nobis
1297 466 1472 512 factus
1456 485 1548 527 Jam
1579 486 1627 514 ex
1660 469 1747 514 hac

363 543 453 588 rita
487 538 714 599 migmxst,
742 553 821 581 nec
855 553 923 580 eas
959 547 1063 582 tunc
1099 537 1189 599 ipse
1220 538 1408 600 perferre
1445 539 1615 601 potuit,
1645 539 1747 602 quia

363 611 572 658 continuo
606 607 710 653 dum
746 606 966 670 pioficisci
1005 606 1227 669 disponit.
1267 608 1545 671 episcopatus
1582 609 1749 655 sarcina

362 683 592 735 detentus,
620 696 670 724 ae
691 677 885 723 deinde
874 694 919 721 ln
947 677 1070 723 brexi
1096 676 1331 722 defunctus
1357 690 1447 735 est,
1478 680 1604 725 etiam
1630 696 1748 725 nunc

362 753 533 799 mittere
560 749 681 795 volui
705 767 715 793 ε
740 758 789 794 ιιι
814 747 921 793 scias
944 747 1081 794 intua
1100 747 1319 811 colloquia
1343 766 1474 812 quam
1502 750 1605 796 olim
1628 750 1750 795 inar-

363 822 537 869 descam
555 858 564 875 ,
588 830 628 866 et
655 835 787 883 quam
814 818 903 863 vim
932 818 1092 882 patiar,
1117 819 1236 882 quod
1260 837 1282 864 a
1301 837 1369 865 me
1399 830 1485 865 tam
1516 820 1642 880 longe
1666 822 1750 867 ab-

361 905 464 941 sunt
487 908 632 939 sensus
655 889 853 953 eorporis
885 889 978 944 tui,
1007 907 1086 953 per
1117 907 1225 953 quos
1262 890 1378 936 adire
1402 892 1538 954 possit
1571 891 1623 937 ad
1651 893 1750 937 ani-

361 982 485 1012 mum
522 975 644 1010 tuum
681 961 851 1006 animus
881 977 1026 1017 meus,
1063 961 1122 1007 mi
1157 960 1289 1008 frater
1321 960 1596 1019 dulcissime,
1633 973 1673 1008 et
1705 963 1749 1008 in

362 1035 543 1083 Domini
561 1031 769 1080 membris
793 1031 1066 1078 honorande.

428 1108 512 1154 ΙΙΙ.
555 1107 608 1151 In
633 1105 720 1150 hac
755 1113 899 1149 autem
936 1103 1134 1166 Epistola
1171 1104 1257 1149 hoc
1285 1104 1422 1160 addo,
1456 1105 1576 1168 quod
1602 1115 1750 1169 postea

365 1178 623 1230 didicimus,
648 1174 733 1220 Jol)
760 1190 807 1218 ex
833 1173 1015 1219 hebraeo
1041 1192 1065 1219 3
1092 1185 1132 1219 te
1154 1174 1515 1237 interpretatum,
1543 1193 1643 1221 cum
1659 1180 1749 1235 jam

361 1247 602 1314 quamdam
645 1244 910 1290 haberemus
949 1244 1353 1308 interpretationem
1393 1255 1515 1290 tuam
1558 1246 1751 1306 ejusdem

363 1319 603 1384 Prophetae
633 1330 680 1362 ex
705 1331 847 1375 graeco
881 1314 1055 1378 eloquio
1087 1332 1252 1361 versam
1279 1314 1324 1360 in
1350 1314 1535 1361 latinum
1554 1336 1564 1370 ς
1586 1316 1662 1362 ubi
1685 1327 1751 1362 ta-

362 1409 464 1439 men
496 1388 705 1437 asteriscis
731 1386 891 1432 notasti
914 1403 1014 1450 quae
1039 1386 1084 1431 in
1116 1386 1298 1432 hebraeo
1324 1397 1446 1442 sunt,
1470 1398 1511 1433 et
1543 1388 1587 1433 in
1608 1405 1750 1448 graeco

363 1465 544 1519 desunt3
564 1459 764 1506 obeliscis
789 1468 932 1503 autem
953 1474 1053 1520 quae
1076 1457 1118 1502 in
1146 1474 1288 1517 graeco
1315 1458 1617 1514 inveniuntur,
1641 1469 1683 1503 et
1705 1459 1750 1504 in

361 1536 546 1583 hebraeo
566 1549 653 1578 non
672 1540 799 1585 sunt,
821 1540 908 1574 tam
933 1528 1123 1574 mirabili
1144 1528 1368 1588 diligentia
1386 1566 1397 1583 ‚
1417 1539 1465 1574 ut
1483 1529 1750 1593 quibusdam

362 1609 409 1654 in
428 1607 535 1654 locis
555 1604 609 1651 ad
624 1603 757 1650 verba
778 1602 963 1662 singula,
985 1602 1174 1662 singulas
1189 1602 1329 1648 stellas
1347 1601 1590 1659 videamus,
1613 1603 1750 1663 signi-

363 1681 544 1727 ficantes
567 1673 948 1722 eamdemffiverba
972 1673 1116 1719 essein
1137 1673 1317 1718 hebraeo
1337 1711 1348 1725 ‚
1375 1673 1418 1718 in
1444 1691 1585 1734 graeco
1605 1686 1751 1720 autem

363 1771 453 1800 non
463 1768 562 1798 esse.
581 1751 718 1794 Porro
734 1747 873 1793 inhac
883 1747 1119 1810 posteriore
1132 1747 1503 1810 interpretatione‚
1522 1765 1750 1812 quaeversa

365 1835 427 1871 est
447 1841 492 1869 ex
512 1820 718 1873 lmbraeo,
756 1834 842 1862 non
862 1817 1012 1862 eadem
1030 1834 1056 1862 x
1061 1817 1266 1862 erborum
1298 1816 1404 1863 fides
1426 1819 1644 1875 occurrit,
1672 1836 1750 1865 nec

362 1910 520 1959 parum
542 1890 657 1937 tull)
651 1900 693 1934 ιι
717 1889 1005 1948 cogitantem,
1030 1887 1097 1932 xel
1116 1888 1257 1933 curin
1281 1887 1352 1933 illa
1373 1888 1515 1951 prima
1537 1900 1654 1935 tanta
1678 1889 1751 1935 di—

363 1964 540 2025 lio-entia
574 1958 1097 2020 fi0·antu1-1ste1isei‚ut
1136 1958 1338 2004 minimas
1359 1959 1484 2004 etiam
1511 1960 1750 2024 particulas

364 2033 571 2082 orationis
601 2029 797 2076 indicent
832 2028 973 2074 deesse
1000 2028 1231 2075 codicibus
1259 2030 1432 2090 graecis
1460 2047 1560 2094 quae
1583 2032 1751 2078 suntin

362 2104 581 2156 hebreeis3
604 2101 671 2146 vc}
695 2117 773 2145 cur
799 2100 842 2144 in
865 2100 949 2145 hac
972 2100 1102 2145 altera
1120 2138 1129 2155 ,
1159 2118 1258 2163 quae
1283 2118 1329 2146 ex
1350 2101 1538 2148 hebraeis
1561 2113 1622 2148 est
1638 2141 1648 2158 ,
1672 2120 1750 2148 ne-

364 2175 592 2238 gligentius
618 2173 702 2216 hoc
725 2182 926 2216 curatum
946 2171 1030 2227 sit,
1053 2182 1101 2216 ut
1118 2171 1190 2216 hae
1213 2171 1372 2217 eaedem
1397 2173 1628 2235 particulae
1646 2173 1751 2219 locis

361 2249 448 2295 suis
479 2245 793 2291 invenirentur.
826 2242 1006 2305 Aliquid
1041 2242 1169 2296 inde,
1212 2243 1394 2306 exempli
1427 2244 1589 2303 gratia,
1630 2244 1749 2290 volui

360 2333 550 2384 ponere:
580 2313 652 2359 sed
674 2312 782 2358 mihi
806 2313 860 2359 ad
881 2313 1036 2359 horam
1060 2313 1191 2359 codex
1211 2313 1349 2359 defuit
1370 2352 1379 2370 ‚
1406 2315 1481 2377 qui
1499 2332 1545 2360 ex
1567 2315 1748 2360 hebraeo

361 2400 437 2436 est.
466 2388 774 2433 Verumtamen
789 2384 891 2447 quia
916 2384 1134 2447 praevolas
1157 2384 1351 2444 ingenio,
1368 2401 1456 2430 non
1473 2385 1613 2431 solum
1627 2385 1746 2449 quod

359 2459 538 2507 dixerim
556 2491 566 2512 ,
589 2454 871 2501 verumetiam
891 2454 1000 2518 quid
1019 2453 1163 2500 dicere
1177 2454 1386 2500 voluerim
1406 2492 1416 2511 ,
1441 2456 1541 2500 satis
1555 2493 1565 2507 2
1589 2466 1638 2501 ut
1654 2457 1748 2519 opi-

355 2549 454 2586 nor,
482 2525 711 2585 intelligis,
742 2536 790 2569 ιιι
816 2542 944 2571 causa
970 2524 1163 2583 reddita,
1201 2524 1320 2588 quod
1347 2537 1490 2571 movet
1517 2525 1738 2574 edisseras,

400 2619 409 2639 1
430 2614 478 2645 sie
494 2611 558 2643 fere
574 2608 692 2640 habent
710 2619 817 2640 omnes
832 2609 916 2641 Edit.
