1902 3268
654 280 867 313 zms‘ronA
900 281 970 313 cv.
1419 284 1511 331 299

135 349 283 416 potius
320 348 508 396 recedite
531 364 555 394 a
579 345 789 410 plebibus
805 383 816 402 ,
858 362 940 409 pro
963 344 1131 410 quibus
1152 345 1354 392 Christus
1384 363 1511 393 suum

133 421 384 481 sanguinem
401 419 516 464 fudit
531 438 543 472 ;
560 435 667 482 quas
680 417 778 463 ideo
800 418 930 463 vultis
945 428 1105 463 vestras
1119 415 1258 462 facere
1277 434 1328 466 ne
1348 417 1513 466 Christi

130 491 242 547 sint,
265 490 464 556 quamvis
487 506 556 535 eas
586 489 669 534 sul)
695 492 787 549 ejus
816 489 991 535 nomine
1013 488 1232 552 possidere
1253 488 1470 534 conemini
1491 506 1502 535 ε

129 571 340 625 tanquam
376 561 409 606 si
446 577 591 606 servus
620 559 789 605 furetur
825 577 925 605 oves
976 558 1029 605 de
1061 575 1184 619 grege
1212 557 1388 605 Domini
1413 558 1511 612 sui,

127 643 172 680 et
192 648 486 697 quaecumque
509 648 556 677 ex
580 631 664 676 illis
682 641 783 677 nata
804 631 967 677 fuerint
983 667 994 687 ‚
1020 630 1319 675 characterem
1337 628 1515 675 Domini

131 704 196 751 sui
219 704 278 750 eis
313 703 485 763 infigat,
522 720 575 748 ne
605 702 774 748 furtum
805 706 897 762 ejus
926 701 1061 765 possit
1084 700 1272 760 agnosci.
1304 700 1376 746 Sic
1399 700 1515 746 enim

124 773 327 821 >fecerunt
350 777 539 833 majores
554 775 703 829 vestri,
723 782 1033 837 separaverunt
1058 771 1113 818 ab
1134 770 1327 817 Ecclesia
1352 770 1520 816 Christi

128 844 319 908 populos
338 844 553 893 habentes
575 844 848 907 baptismum
870 841 1064 896 Christi,
1085 852 1127 886 et
1146 842 1414 904 quicumque
1430 839 1514 886 illis

126 924 414 961 ,accreverunt
447 913 675 977 baptismo
703 913 909 969 Christi,
938 929 1008 958 eos
1044 911 1392 975 baptizaverunt.
1429 909 1515 957 Sed

132 986 348 1034 Dominus
366 985 536 1032 etfures
562 984 712 1048 punit,
737 984 772 1030 si
794 1001 884 1030 non
898 1001 940 1030 se
954 983 1216 1030 correxerint
1232 1019 1242 1036 ‚
1271 993 1314 1028 et
1336 999 1434 1028 oves
1459 981 1515 1029 ab

127 1073 275 1103 errore
298 1066 475 1103 revocat
507 1055 563 1102 ad
602 1073 772 1116 gregem
795 1091 806 1112 ‚
833 1071 913 1102 nec
944 1055 990 1103 in
1027 1055 1086 1103 eis
1111 1070 1237 1101 suum
1261 1053 1516 1101 exterminat

131 1126 448 1174 characterem.

196 1197 256 1244 II.
285 1197 441 1243 Dicitis
464 1215 542 1244 nos
572 1197 822 1254 traditores,
855 1196 975 1261 quod
999 1212 1079 1243 nec
1106 1198 1290 1255 majores
1313 1194 1444 1241 vestri
1470 1193 1516 1240 in

131 1272 317 1328 maiores
351 1279 521 1315 nostros
551 1280 819 1332 potuerunt,
841 1285 920 1314 nee
946 1284 1022 1315 vos
1046 1267 1091 1312 in
1115 1283 1192 1312 nos
1216 1266 1404 1331 probare
1425 1263 1516 1311 ullo

130 1338 264 1384 modo
287 1339 499 1402 poteritis.
530 1339 652 1396 Quid
678 1339 804 1386 vohis
829 1338 962 1385 vultis
985 1337 1219 1393 faciamus,
1241 1336 1319 1400 qui
1341 1334 1518 1399 quando

131 1409 257 1456 vobis
281 1409 469 1456 dicimus
487 1420 537 1456 ut
571 1427 751 1456 causam
782 1420 975 1457 nostram
1011 1419 1053 1454 et
1085 1419 1270 1455 vestram
1305 1406 1518 1469 patienter

132 1479 318 1527 audiatis
333 1517 346 1536 ‚
372 1497 463 1526 non
482 1481 616 1526 nostis
640 1481 722 1528 nisi
747 1480 975 1543 superbire
999 1489 1040 1524 et
1057 1478 1275 1524 insanire?
1294 1477 1405 1524 Nam
1426 1475 1517 1522 uti-

64 1606 68 1609 *
131 1567 216 1615 que
234 1551 554 1598 ostenderemus
585 1551 710 1598 vobis
728 1589 739 1609 ,
766 1553 869 1615 quia
901 1550 1050 1614 potius
1076 1549 1137 1598 illi
1166 1548 1392 1594 traditores
1418 1545 1517 1591 fue-

129 1633 266 1678 runt,
297 1623 375 1686 qui
411 1623 698 1669 Caecilianum
735 1634 776 1668 et
819 1623 958 1668 socios
995 1625 1088 1680 ejus
1110 1620 1234 1683 quasi
1274 1617 1517 1664 traditionis

131 1693 317 1739 erimine
349 1693 684 1740 damnaverunt.
725 1695 781 1740 Et
814 1693 959 1741 dicitis
980 1729 991 1747 ,
1032 1690 1241 1739 Recedite
1263 1708 1285 1735 a
1310 1688 1517 1754 plebibus

132 1763 318 1820 nostris;
343 1781 451 1827 quas
475 1763 640 1810 docetis
665 1774 714 1810 ut
749 1763 876 1811 vobis
912 1762 1092 1812 credant
1114 1797 1125 1818 ‚
1154 1771 1196 1807 et
1221 1760 1399 1807 Christo
1430 1774 1516 1803 non

133 1833 332 1881 credant.
364 1834 450 1881 Vos
482 1834 597 1880 enim
629 1834 688 1880 eis
711 1833 854 1882 dicitis
872 1870 883 1888 ‚
920 1843 1103 1896 propter
1125 1830 1356 1878 traditores
1375 1866 1385 1885 ,
1409 1844 1517 1890 quos

134 1922 222 1951 non
242 1904 484 1961 ostenditi5‚
500 1905 752 1953 remansisse
764 1905 1003 1952 Ecclesiam
1016 1903 1183 1949 Christi
1198 1902 1243 1948 in
1262 1900 1350 1947 sola
1370 1899 1519 1947 Africa

133 1975 272 2040 partis
303 1975 464 2021 Donati
493 1993 504 2023 :
541 1975 664 2039 quod
689 1993 778 2024 non
807 1974 860 2021 de
883 1975 996 2034 Lege
1018 2011 1030 2029 ‚
1058 1991 1147 2020 non
1170 1972 1225 2019 de
1256 1970 1480 2034 Propheta
1502 2005 1513 2026 ,

134 2062 225 2092 non
253 2044 308 2091 de
345 2045 521 2092 Psalmo
540 2081 551 2102 ‚
575 2063 666 2094 non
688 2046 742 2094 de
777 2044 987 2109 Apostolo
1003 2081 1015 2101 ,
1048 2061 1139 2090 non
1168 2042 1222 2089 de
1248 2039 1486 2101 Evangelio
1504 2075 1516 2098 ,

136 2115 209 2163 sed
231 2115 285 2162 de
308 2116 440 2162 corde
461 2127 603 2163 vestro
619 2154 630 2172 ‚
664 2127 705 2162 et
737 2116 790 2162 de
820 2125 1053 2180 parentum
1078 2124 1322 2161 vestrorum
1347 2111 1519 2158 calum-

136 2186 219 2232 niis
249 2187 455 2234 recitatis.
485 2187 689 2234 Christus
713 2198 861 2234 autem
886 2186 995 2235 dicit
1020 2224 1031 2241 ‚
1061 2206 1081 2227 a<
1100 2183 1341 2231 Praedicari
1366 2182 1413 2228 in
1434 2198 1520 2230 110-

138 2280 160 2302 »
182 2259 299 2305 mine
325 2276 403 2305 suo
441 2259 749 2324 poenitentiam
781 2271 824 2306 et
861 2259 1158 2306 remissionem
1195 2265 1478 2320 peccatorum
1502 2287 1515 2309 ,

139 2351 160 2372 >2
185 2348 263 2394 per
283 2347 430 2377 omnes
456 2341 618 2391 gentes,
644 2331 959 2396 incipientibus
978 2331 1032 2377 ab
1063 2327 1296 2378 Jerusalem
1315 2325 1335 2356 1
1362 2344 1374 2372 ε
1399 2346 1420 2367 »
1446 2322 1520 2373 cui

140 2400 347 2447 Ecclesiae
363 2418 410 2447 ex
439 2419 514 2448 ore
549 2401 718 2448 Christi
739 2402 1042 2454 manifestatae.
1063 2417 1139 2448 vos
1157 2416 1246 2451 non
1267 2395 1519 2449 communi-

140 2471 273 2530 eatis,
298 2483 341 2519 et
367 2472 474 2521 alios
491 2473 539 2521 in
564 2484 748 2522 vestram
766 2473 1058 2539 perditionem
1086 2472 1326 2530 trahente8‚
1343 2466 1522 2524 libenti

136 2558 232 2592 non
247 2542 394 2591 vultis,
459 2587 463 2589 .

139 2635 142 2638 ⁴
175 2625 294 2661 11:10.
313 2637 402 2669 xxiv,
421 2632 479 2667 47.
