1902 3268
656 261 871 292 semrom
907 262 1037 292 cvm.
1439 250 1500 298 33
1511 265 1528 298 1

158 327 338 385 residos,
364 338 413 374 ut
441 336 697 392 separentur
724 324 872 374 mati1.
905 327 1097 372 Tantum
1122 337 1170 373 ut
1194 329 1251 375 ab
1274 329 1538 387 imitatione,

161 415 183 445 a
204 397 484 445 consensione
501 434 511 453 ,
536 415 558 442 a
578 397 677 442 vitae
705 414 755 442 ae
776 413 946 442 morum
969 396 1253 444 similitudine
1270 399 1447 461 reprobi
1476 417 1544 446 se-

154 473 414 532 J'ungantur‚
444 468 573 514 simul
597 479 860 524 crescentes,
894 468 1022 514 simul
1058 469 1104 515 in
1138 469 1421 516 tribulatione
1437 487 1543 533 per-

159 539 278 594 rnixti
298 576 309 595 ‚
348 538 478 586 simul
508 539 618 584 iutra
669 539 775 584 retia
815 538 1063 598 congregati
1105 555 1242 602 usque
1273 539 1327 585 ad
1371 550 1544 603 tempus

159 610 306 657 messis
322 646 332 665 ‚
356 609 649 655 ventilationis
670 647 680 664 ,
702 620 742 655 et
763 609 935 656 littoris.
970 610 1033 655 De
1050 612 1350 674 persecutione
1371 621 1513 657 autem
1528 647 1540 668 ‚

160 679 378 745 quidquid
407 679 458 725 ad
495 680 771 743 expellendos
795 690 836 724 et
862 679 1038 725 sedibus
1061 680 1383 743 perturbandos
1411 681 1545 728 Maxi·

159 750 381 799 mianistas
406 769 428 796 a
451 751 602 796 vestris
624 768 703 814 per
728 750 900 810 Judiees
920 761 1066 795 actum
1100 761 1162 796 est
1178 787 1189 806 ‚
1217 750 1440 813 quomodo
1463 751 1544 797 de-

159 818 358 872 fensurus
397 838 463 877 es,
506 821 589 866 nisi
625 821 712 866 hoe
754 819 1059 883 prudentiores
1096 831 1257 867 vestros
1297 820 1544 880 corrigendi

161 891 306 937 animo
321 929 332 948 ‚
354 909 442 937 non
463 891 648 938 nocendi
668 891 892 937 moderato
921 902 1084 936 terrore
1113 891 1261 937 fecisse
1280 908 1291 938 t
1314 891 1347 937 si
1368 891 1444 955 qui
1464 908 1546 938 au·-

162 971 248 1010 tem
278 961 525 1008 humanum
549 962 729 1008 modum
759 972 1054 1017 excesserunt,
1090 962 1203 1008 sicut
1237 963 1282 1009 in
1319 961 1413 1017 hiS,
1441 978 1543 1026 quae

163 1030 358 1081 Salvium
382 1032 785 1078 Membressitanum
800 1049 885 1077 esse
910 1049 1161 1095 perpessum
1181 1032 1332 1079 civitas
1348 1032 1443 1095 ipsa
1469 1043 1547 1079 tes-

161 1111 298 1153 tatur,
332 1119 419 1149 non
454 1103 737 1165 praescribere.
768 1103 937 1147 caetcris
962 1112 1171 1165 tanquam
1193 1101 1316 1165 palea
1334 1118 1435 1148 cum
1455 1101 1545 1148 fru-

163 1183 320 1219 mentis
341 1190 385 1219 in
409 1190 494 1218 una
518 1183 890 1218 sacramentorum
928 1173 1233 1219 communione
1269 1171 1540 1228 constitutis,

162 1243 268 1290 vitae
285 1253 429 1288 autem
449 1242 801 1289 dissimilitudine
820 1243 1055 1306 separatis?

227 1312 370 1358 XVII.
414 1314 526 1369 Quae
545 1330 644 1358 eum
671 1313 730 1358 ita
754 1313 861 1360 sint,
894 1312 1135 1375 amplector
1168 1312 1290 1359 istam
1326 1311 1545 1359 defensio-

164 1399 262 1430 nem
294 1393 430 1431 tuam.
468 1384 554 1430 Ista
588 1383 754 1446 quippe
785 1383 893 1439 erit,
933 1384 966 1428 si
1000 1400 1125 1429 verax
1158 1383 1266 1439 erit,
1305 1394 1346 1428 et
1368 1383 1547 1429 veritate

164 1454 381 1511 vincetur,
408 1454 441 1500 si
465 1454 543 1500 ista
570 1471 657 1500 non
679 1454 774 1500 erit.
800 1452 1077 1516 Amplector‚
1098 1454 1276 1517 inquam
1293 1490 1303 1510 ,
1327 1452 1545 1499 defensio-

163 1541 263 1577 nem
283 1535 402 1571 tuam
423 1563 434 1581 ‚
461 1525 533 1572 sed
555 1525 672 1571 hanc
695 1543 780 1571 esse
800 1524 938 1570 cernis
961 1535 1003 1570 et
1026 1541 1180 1571 meam.
1212 1527 1304 1570 Cur
1326 1541 1415 1571 non
1443 1541 1545 1584 ergo

164 1595 210 1650 in
234 1598 400 1642 unitate
427 1614 535 1643 areae
553 1596 789 1642 dominicae
806 1596 935 1641 simul
965 1595 1232 1642 frumentum
1259 1613 1345 1641 esse
1368 1595 1545 1641 labore-

166 1683 284 1721 mUS‚
311 1667 440 1712 simul
463 1667 628 1730 paleam
654 1666 924 1712 toleramus?
944 1669 1035 1711 Cur
1056 1683 1142 1711 non
1162 1666 1342 1711 obsecro
1360 1677 1417 1720 te,
1445 1682 1546 1729 quae

167 1752 317 1794 causa,
342 1737 415 1782 cui
433 1737 575 1793 bono,
598 1737 660 1782 ob
680 1754 809 1800 quam
829 1737 1056 1783 utilitatem
1075 1773 1085 1791 ‚
1106 1735 1177 1781 dic
1200 1735 1343 1782 mihi?
1366 1737 1548 1796 Fugitur

167 1807 333 1864 unitas,
352 1817 400 1852 ut
425 1808 536 1868 Agni
561 1807 678 1853 unici
703 1806 910 1867 sanguine
932 1806 1088 1871 populi
1107 1806 1370 1869 comparati,
1393 1806 1550 1853 adver-

168 1893 239 1929 sus
261 1877 448 1924 invicem
472 1878 627 1924 studiis
651 1877 880 1923 contrariis
901 1877 1248 1932 inflammentur,
1276 1887 1319 1922 et
1344 1876 1550 1923 dividan-

170 1958 242 1995 tur
270 1965 392 2005 oveS‚
421 1949 548 2014 quasi
576 1959 736 1995 nostrae
766 1949 879 1994 iuter
911 1965 1015 2003 nos,
1046 1947 1374 2012 patrisfamilias
1403 1947 1548 2004 illius,

168 2017 247 2081 qui
273 2035 396 2066 servo
421 2018 530 2066 dixit
552 2037 563 2064 :
594 2040 614 2061 κ
637 2020 771 2065 Pasce
790 2035 890 2064 oves
906 2035 1021 2065 meas
1035 2019 1072 2075 2,
1095 2039 1115 2060 >2
1136 2035 1224 2064 non
1239 2054 1251 2075 ‚
1273 2019 1420 2065 'Pasce
1454 2033 1554 2066 oves

170 2098 293 2136 tuas:
313 2101 354 2135 et
377 2089 432 2136 de
449 2091 610 2155 quibus
628 2090 796 2136 dictum
815 2101 904 2147 est,
926 2111 946 2132 «
966 2090 1023 2136 Ut
1040 2089 1094 2135 sit
1111 2105 1224 2135 unus
1241 2106 1363 2150 grex,
1382 2099 1425 2135 et
1442 2104 1556 2135 unus

172 2161 406 2223 »pastor5‚
425 2182 445 2202 »
480 2161 558 2225 qui
601 2161 761 2206 clamat
797 2160 845 2206 in
880 2159 1142 2220 Evangelio:
1168 2180 1189 2202 2>
1219 2160 1272 2208 In
1302 2159 1390 2204 hoc
1418 2159 1557 2205 scient

171 2250 193 2272 »
211 2247 381 2288 omnes,
402 2232 507 2294 quia
527 2231 746 2295 Discipuli
784 2231 868 2278 mei
894 2231 1018 2288 estis,
1047 2231 1081 2276 si
1100 2246 1248 2276 veram
1277 2228 1559 2276 dilectionem

173 2322 193 2343 >2
212 2301 457 2348 habueritis
478 2304 524 2348 in
551 2301 722 2359 vobis&
743 2324 762 2344 »
787 2313 853 2357 et,
877 2324 897 2344 α
917 2303 1056 2348 Sinite
1075 2317 1265 2348 crescere
1284 2310 1468 2363 utraque
1490 2314 1562 2346 us-

174 2394 196 2414 »
216 2389 300 2436 que
331 2373 384 2419 ad
421 2392 595 2421 messem
614 2412 624 2431 ,
651 2392 703 2420 ne
726 2374 837 2420 forte
860 2391 962 2420 cum
984 2371 1116 2420 vultis
1136 2370 1338 2432 colligere
1363 2370 1528 2417 zizania
1547 2405 1560 2424 ,

173 2469 193 2486 υ
209 2444 433 2491 eradicetis
455 2446 585 2493 simul
607 2456 649 2493 et
667 2446 862 2493 triticum
876 2445 909 2492 5.
936 2467 956 2487 »
977 2449 1009 2490 F
1015 2444 1162 2505 ugitur
1193 2444 1337 2491 unitas
1353 2479 1366 2501 ,
1395 2453 1446 2489 ut
1467 2442 1561 2493 huc

223 2548 233 2568 ¹
256 2549 329 2580 ιον.
351 2547 442 2579 honi.
464 2546 536 2572 —2
555 2551 653 2581 Joan.
677 2559 748 2584 xxx,
776 2559 829 2586 27·
848 2564 894 2572 --
909 2543 990 2578 31d.
1011 2557 1043 2586 x,
1065 2547 1115 2578 16.
1131 2561 1179 2570 --
1194 2540 1210 2568 ⁴
1233 2546 1425 2587 Joamxm,
1446 2544 1504 2577 ³5.
1524 2558 1567 2568 -·

177 2601 190 2624 ⁵
213 2601 330 2633 Maur..
348 2613 418 2639 λιιι,
442 2605 494 2632 30.
