1902 3268
367 280 422 337 4¹
434 278 467 336 4
772 292 806 323 s.
850 289 1098 323 mensum
1130 287 1337 326 mscom

366 359 481 408 sieut
500 357 660 420 gallina
685 369 919 419 congregat
949 357 1093 422 pullos
1116 372 1238 415 suos,
1259 367 1302 402 et
1319 354 1566 404 noluerunt.
1599 352 1769 425 ΜιιΙῑίεἶ

369 430 545 496 plicatis
566 448 666 491 ergo
691 430 1021 475 infirmitatibus
1045 446 1134 493 quo
1156 428 1541 476 acceleraverunt?
1566 427 1677 474 forte
1709 425 1769 496 in-

372 518 549 549 crucem
573 500 750 546 Domini
772 500 1134 546 conclamandam
1151 537 1162 555 ‚
1188 510 1229 545 et
1249 500 1386 546 invito
1413 500 1556 547 Pilato
1586 496 1759 545 nefariis

372 572 559 619 vocibus
588 569 952 634 extorquendam,
995 580 1042 615 ut
1081 568 1372 633 adimplerent
1407 586 1650 616 mensuram
1681 586 1760 632 pa·

373 652 492 688 trum
517 656 694 688 suorum
715 677 726 697 ,
762 651 811 686 ut
845 640 912 686 isti
947 639 1184 690 Dominum
1219 639 1544 705 Prophetarum
1579 636 1758 689 oecide-

375 722 501 768 rent,
538 728 728 776 quorum
763 722 906 775 patres
931 710 1048 775 ipsos
1085 710 1332 774 Prophetas
1365 709 1702 766 interfecerunt,
1739 725 1764 757 a

377 784 541 848 quibus
581 782 656 829 hic
696 782 849 829 mundi
882 782 1082 828 Salvator
1104 799 1191 828 esse
1215 792 1425 828 venturus
1453 781 1756 829 nuntiabatur.

377 855 574 900 «Postea
597 853 981 906 acceleraverunt:
1014 853 1190 899 Veloces
1215 853 1328 902 enim
1360 852 1493 917 pedes
1527 869 1676 904 eorum
1708 849 1769 905 ad

377 947 399 969 »
417 923 730 972 effundendum
761 923 1063 984 sangui11en11.
1088 946 1109 966 »
1135 923 1353 975 Contritio
1382 933 1425 970 et
1457 922 1687 988 infelicitas
1715 920 1762 975 iu

375 995 457 1043 viis
474 1012 646 1048 eorum,
663 1005 705 1040 et
722 995 835 1041 viam
857 995 980 1058 pacis
1000 1011 1087 1040 non
1106 1004 1406 1059 cognoverunt
1423 1031 1435 1051 ,
1458 992 1505 1040 id
1520 1003 1601 1050 est,
1618 990 1775 1043 Chris-⁵.

378 1077 472 1113 tum
499 1066 578 1131 qui
603 1064 713 1112 dicit
735 1083 746 1111 ι
771 1087 791 1107 c<
813 1067 905 1126 Ego
931 1082 1027 1111 sum
1050 1065 1121 1111 via
1143 1066 1178 1113 2.
1210 1087 1229 1107 »

443 1136 520 1184 Vl.
563 1136 781 1193 Quassrlo
808 1137 869 1183 cle
891 1136 1089 1182 Psalmo
1118 1152 1191 1182 xvi
1212 1172 1223 1191 ‚
1260 1137 1331 1192 14.
1365 1157 1385 1177 «
1405 1136 1458 1181 In
1483 1133 1769 1200 consequenti

379 1206 554 1254 Psalmo
575 1205 685 1254 illud
704 1206 812 1256 mihi
837 1207 992 1270 exponi
1014 1206 1209 1253 desidero
1230 1243 1241 1261 ‚
1263 1205 1373 1269 quid
1395 1205 1543 1258 dicam
1567 1227 1587 1248 «
1607 1207 1673 1258 De
1692 1204 1769 1256 aba

379 1276 632 1329 »sconditis
668 1279 751 1329 tuis
783 1277 1049 1341 adimpletus
1083 1288 1145 1323 est
1185 1288 1336 1324 venter
1369 1294 1535 1325 eorum.
1574 1275 1770 1330 ,Saturati

381 1371 403 1392 »
422 1358 525 1399 sunt
565 1347 749 1412 porcina
766 1385 778 1405 ‚
801 1370 821 1391 υ
852 1348 945 1403 vel,
991 1350 1104 1395 sicut
1146 1348 1193 1397 in
1238 1347 1508 1411 quibusdam
1555 1346 1770 1412 psalteriis

378 1417 596 1482 seriptum
631 1418 790 1475 audio,
827 1440 846 1460 «
868 1419 1062 1466 Saturati
1103 1429 1202 1464 sunt
1240 1418 1388 1477 filiis¹⁵,
1432 1429 1474 1470 et
1499 1418 1773 1484 reliquerunt

381 1511 404 1534 »
423 1506 524 1553 quae
547 1488 860 1553 superfuerunt
878 1489 1076 1553 parvulis
1099 1489 1199 1537 suis.
1227 1511 1250 1533 >2

446 1554 546 1609 Vll.
589 1562 785 1616 Quesrio
810 1560 871 1605 de
889 1560 1085 1606 Psalmo
1115 1576 1253 1617 Lv111,
1295 1576 1364 1613 12.
1402 1581 1423 1602 ε(
1438 1560 1606 1611 Rursus
1623 1559 1670 1606 in
1684 1558 1770 1611 alio

380 1628 553 1676 Psalmo
575 1628 784 1681 admirari
801 1628 916 1675 soleo
932 1666 943 1685 ‚
980 1629 1142 1675 Filium
1169 1629 1225 1675 ad
1255 1631 1430 1681 Patrem
1456 1630 1580 1695 loqui
1602 1629 1775 1682 intelli-

381 1716 484 1761 gens
501 1736 514 1756 ‚
534 1699 581 1749 in
606 1699 783 1746 Psalmo
812 1700 1173 1764 quinquagesimo
1198 1711 1352 1747 octavo
1372 1737 1384 1758 ,
1412 1701 1490 1747 uhi
1525 1700 1580 1747 de
1601 1700 1625 1746 J
1635 1699 1771 1753 udaeis

381 1764 572 1817 inimicis
586 1806 599 1827 ,
620 1769 675 1817 de
697 1770 862 1833 quihus
887 1787 1021 1834 supra
1041 1770 1229 1834 dixerat,
1251 1792 1272 1817 c<
1293 1771 1407 1818 Ecce
1428 1770 1512 1836 ipsi
1532 1771 1773 1835 loquentur

383 1863 406 1885 2>
423 1842 472 1888 iu
503 1858 578 1888 ore
603 1858 681 1887 suo
697 1878 709 1898 ‚
753 1851 795 1888 et
831 1841 999 1902 gladius
1021 1843 1068 1888 in
1090 1842 1219 1888 labiis
1241 1859 1391 1889 eorum
1414 1860 1425 1888 ε
1448 1864 1468 1884 n
1497 1842 1631 1906 paulo
1657 1842 1774 1895 infra

385 1912 528 1960 dicit:
553 1935 574 1955 α
594 1914 658 1960 Ne
683 1913 896 1960 occideris
922 1926 992 1960 eos
1011 1951 1021 1970 ‚
1049 1931 1103 1960 ne
1126 1913 1304 1978 quando
1332 1913 1647 1964 obliviscantur
1667 1912 1777 1975 legis

387 2004 409 2027 >2
428 1994 532 2035 tuae.
564 1984 774 2048 Disperge
796 1984 893 2030 illos
910 1985 956 2031 in
974 1985 1135 2031 virtute
1165 1996 1236 2031 tua
1256 2022 1267 2041 ‚
1296 1996 1338 2030 et
1369 1984 1541 2031 destrue
1557 2002 1646 2043 003,
1675 1987 1772 2038 Do*

386 2076 409 2099 ›>
429 2055 558 2103 mine.
585 2076 605 2097 ›>
633 2054 767 2111 Quod
790 2054 835 2100 in
860 2055 929 2101 his
959 2072 1096 2120 usque
1127 2056 1173 2102 in
1206 2055 1470 2102 hodiernum
1504 2056 1619 2103 diem
1647 2056 1769 2103 vide-

388 2141 487 2172 mus
518 2125 709 2189 impleri.
749 2126 970 2172 Destructi
1003 2138 1105 2173 sunt
1145 2126 1260 2172 enim
1291 2145 1315 2174 a
1352 2127 1485 2175 veteri
1515 2145 1591 2174 sua
1635 2127 1775 2188 gloria,

389 2195 480 2248 sine
510 2195 675 2260 templo
698 2207 741 2243 et
765 2197 855 2243 sine
880 2199 1128 2250 sacrificiis,
1152 2216 1201 2244 ae
1225 2199 1315 2244 sine
1341 2198 1572 2262 prophetis
1601 2198 1645 2245 in
1670 2215 1771 2244 om*

387 2266 512 2318 nium
541 2266 734 2327 gentium
767 2267 1033 2332 dispersione
1068 2269 1287 2316 viventes?
1314 2269 1398 2315 Sed
1421 2269 1529 2333 quid
1559 2269 1774 2320 miramur

389 2336 509 2401 quod
522 2340 617 2399 jam
637 2355 716 2402 per
734 2339 1003 2403 Prophetam
1026 2358 1106 2404 pro
1121 2341 1179 2386 eis
1197 2359 1281 2387 non
1297 2341 1547 2387 occidendis
1567 2342 1766 2401 rogabat,

388 2425 473 2472 pro
496 2407 660 2472 quibus
679 2420 722 2456 et
740 2410 824 2458 sub
844 2411 939 2474 ipso
962 2422 1158 2475 tempore
1180 2412 1391 2475 passionis
1412 2415 1504 2472 jam
1522 2412 1577 2458 ad
1596 2428 1772 2460 crucem

388 2494 492 2525 eum
507 2478 774 2527 ducentibus
795 2483 1079 2545 precabatur,
1100 2483 1246 2529 dicens
1269 2500 1281 2528 ε
1307 2504 1326 2524 «
1348 2484 1476 2528 Pater
1502 2481 1672 2528 dimitte
1690 2483 1773 2542 eis„

437 2578 450 2600 ι
465 2578 545 2617 Ρεῧῐ,
558 2589 635 2616 1111,
651 2582 686 2614 3.
701 2599 746 2616 τ,
764 2580 779 2602 2
794 2584 890 2616 Joau·
909 2594 974 2624 mv,
990 2585 1020 2624 6
1037 2601 1076 2615 —:
1094 2581 1108 2605 3
1132 2573 1211 2615 1²15„
1231 2582 1314 2624 (Ἀῶ,
1336 2578 1396 2614 ὑῶν
1415 2581 1533 2618 suibus.
1557 2582 1769 2627 Hieron-rmus

392 2643 502 2665 tamen
521 2644 564 2664 ex
578 2635 713 2666 Hebroeo
730 2639 831 2667 vertit
850 2639 932 2669 filiis.
