1902 3268
325 282 418 340 442
736 300 771 328 s.
815 297 1056 329 AususT1N1
1092 297 1294 331 EPISGOPI

319 363 398 409 etsi
418 362 581 411 fuerint
599 363 661 410 illi
687 363 964 410 multitudini
990 366 1190 428 permixti
1216 366 1366 429 inopes
1403 365 1468 412 vel
1487 365 1696 425 mendici,

321 434 398 497 qui
419 434 547 480 simul
560 434 829 489 clamabant,
854 444 895 479 et
918 434 971 480 de
988 446 1127 481 vestra
1149 436 1383 482 venerabili
1402 435 1695 490 redundantia

318 504 569 564 indigentiae
600 521 690 549 suae
715 504 1071 567 supplementum
1109 506 1375 569 sperabant3
1409 523 1489 552 nec
1509 507 1607 564 ista,
1650 518 1700 554 ut

321 576 524 631 arbitror,
544 574 764 638 cupiditas
790 575 929 638 turpis
951 587 1025 621 est.

386 646 509 692 Vlll.
535 646 684 692 Restat
699 663 799 706 ergo
824 657 871 691 ut.
897 646 974 691 iste
1002 647 1200 710 pecnniae
1228 647 1502 711 turpissimus
1526 649 1701 711 appeti-

322 727 390 763 tus
408 734 454 762 ex
472 716 654 781 obliquo
678 717 722 762 in
758 717 953 772 clericos,
988 728 1028 762 et
1050 719 1229 763 maxime
1248 718 1292 762 iu
1311 717 1568 781 episcopum
1588 718 1702 764 diri-—

322 798 461 848 gatur.
498 787 585 832 Nos
608 787 721 833 enim
746 787 876 833 rebus
906 787 1110 834 Ecclesia}
1150 787 1367 834 dominari
1392 789 1700 845 existimamur,

324 876 400 904 nos
421 858 581 921 opibus
595 857 695 905 frui.
716 859 941 904 Postremo
960 859 1177 922 quidquid
1194 859 1246 904 de
1263 860 1352 904 istis
1365 876 1443 904 nos
1458 860 1706 923 accepimus

323 946 401 974 nos
423 929 490 974 vel
523 928 670 974 adhuc
701 929 983 991 possidemus,
1011 930 1081 975 vel
1121 941 1167 975 ut
1202 930 1367 993 placuit
1401 931 1701 990 erogavimus:

321 999 436 1046 nihil
452 999 554 1046 inde
575 999 745 1062 populo
769 1010 885 1045 extra
908 1000 1163 1046 clericatum
1180 1001 1245 1046 vel
1260 1011 1374 1046 extra
1396 1001 1707 1047 monasterium

322 1071 578 1125 constituto,
608 1070 689 1116 nisi
722 1071 993 1132 paucissimis
1035 1071 1331 1131 indigentibus
1366 1072 1510 1132 largiti
1538 1089 1698 1119 sumus„

326 1145 424 1189 Non
439 1159 539 1202 ergo
554 1141 653 1187 dico
673 1142 775 1204 quia
788 1141 856 1187 vel
874 1141 918 1186 in
942 1159 1019 1187 nos
1042 1143 1225 1187 maxime
1240 1160 1262 1187 a
1278 1142 1402 1188 vobis
1425 1142 1513 1188 dici
1531 1142 1611 1188 ista
1633 1143 1707 1188 de-

321 1215 531 1268 buerunt,
554 1223 851 1258 verumtamen
867 1212 911 1257 in
932 1230 1009 1258 nos
1034 1213 1145 1258 solos
1164 1213 1432 1258 credibiliter
1447 1212 1533 1258 dici
1557 1224 1709 1275 potue-

326 1296 443 1331 runt.
477 1283 596 1341 Quid
624 1301 724 1344 ergo
750 1283 989 1330 faciemus?
1028 1285 1127 1341 Qua
1168 1302 1262 1340 nos,
1292 1285 1324 1330 si
1359 1284 1477 1348 apud
1512 1284 1709 1330 inimicos

324 1373 412 1402 non
439 1371 686 1419 possumu:3‚
713 1354 860 1400 saltem
884 1355 1003 1418 apud
1030 1373 1103 1401 vos
1138 1356 1304 1400 ratione
1333 1357 1600 1419 purgamus?
1626 1356 1710 1400 Res

326 1427 426 1473 haec
448 1425 580 1473 animi
597 1437 676 1482 est,
704 1425 821 1471 intus
840 1437 921 1481 est,
943 1426 1099 1490 procul
1117 1427 1173 1472 ab
1198 1427 1335 1472 oculis
1359 1437 1519 1472 secreta
1543 1436 1710 1473 morta-

326 1498 455 1554 lium,
491 1499 580 1543 Deo
602 1497 908 1544 tantummodo
937 1509 1040 1544 nota
1064 1509 1138 1545 est.
1172 1498 1292 1554 Quid
1324 1515 1424 1558 ergo
1460 1507 1606 1552 restat,
1628 1497 1711 1543 nisi

329 1572 468 1617 Deum
482 1568 629 1615 testari
649 1569 721 1615 cui
740 1580 843 1615 nota
868 1581 943 1617 est.
965 1571 1078 1616 Cum
1095 1588 1195 1630 ergo
1213 1570 1266 1615 de
1281 1570 1407 1615 nobis
1423 1570 1501 1615 ista
1525 1569 1705 1625 sentitis,

329 1658 415 1686 non
435 1640 678 1704 pl'aecipitis
708 1640 855 1703 (quod
880 1641 1020 1687 multo
1042 1641 1191 1687 melius
1211 1652 1289 1696 est,
1317 1651 1359 1686 et
1384 1639 1505 1704 quod
1530 1640 1639 1685 mihi
1665 1640 1712 1685 in

327 1711 521 1775 Epistola
541 1722 613 1757 tua
630 1721 837 1774 tanquam
864 1711 1092 1776 culpabile
1108 1710 1405 1772 objiciendum
1431 1710 1619 1774 putasti)
1638 1709 1712 1755 sed

325 1783 504 1829 omnino
549 1782 703 1842 cogitis
742 1792 790 1827 ut
825 1786 1043 1842 juremus3
1087 1800 1171 1828 non
1192 1782 1402 1827 intentato
1422 1791 1539 1826 metu
1562 1779 1712 1825 mortis

326 1853 467 1899 carnis
485 1863 661 1908 nostrae,
681 1852 802 1916 quod
831 1853 1023 1916 populus
1045 1853 1339 1916 Hipponensis
1364 1852 1511 1898 fecisse
1533 1861 1713 1914 putatus

327 1936 404 1975 est,
429 1924 501 1970 sed
522 1925 734 1970 intentato
753 1935 869 1970 metu
886 1926 1034 1971 mortis
1063 1924 1385 1970 existimationis
1407 1934 1585 1978 nostrae,
1612 1939 1712 1986 quae

327 2007 510 2060 propter
531 1996 727 2041 infirmos
740 1996 903 2058 quibus
928 2013 1004 2041 nos
1017 1996 1215 2059 praebere
1233 1995 1287 2040 ad
1301 1994 1545 2057 exemplum
1569 1993 1714 2039 bono-

328 2084 426 2113 rum
450 2083 634 2130 operum
657 2065 969 2130 qualicumque
986 2066 1312 2112 conversatione
1331 2081 1562 2121 conamur,
1583 2064 1714 2111 etiam

335 2138 438 2185 vitae
463 2137 607 2184 carnis
630 2136 768 2196 hujUs
793 2137 945 2201 utique
961 2137 1261 2201 praeponenda
1285 2147 1360 2184 est.

397 2209 476 2256 IX.
502 2208 814 2254 Verumtamen
829 2208 952 2254 vobis
966 2225 1042 2253 nos
1057 2208 1117 2253 ita
1141 2207 1398 2267 cogentibus
1420 2216 1470 2252 ut
1483 2209 1680 2266 juremus
1697 2243 1708 2263 ‚

333 2299 421 2327 non
448 2297 772 2335 succensenmS,
808 2280 920 2326 sicut
944 2297 1019 2326 vos
1049 2279 1410 2343 Hipponensibus
1434 2278 1705 2324 succensetis.

333 2352 520 2399 Creditis
543 2351 657 2398 enim
685 2362 893 2415 tanquam
925 2351 1123 2397 homiues
1153 2350 1206 2396 de
1240 2349 1497 2395 hominibus
1515 2386 1526 2401 ,
1556 2347 1633 2394 etsi
1663 2366 1711 2394 ea

334 2440 434 2489 quae
456 2424 501 2469 in
526 2423 655 2469 nobis
681 2440 767 2468 non
793 2433 913 2479 sunt,
942 2440 1027 2468 non
1050 2433 1194 2468 tamen
1222 2438 1269 2466 ea
1291 2437 1391 2484 quae
1415 2420 1458 2465 in
1484 2420 1611 2465 nobis
1627 2436 1714 2465 esse

333 2512 421 2542 non
444 2504 640 2558 possunt.
663 2493 866 2539 Sananda
888 2494 965 2539 ista
982 2494 1025 2539 in
1044 2493 1167 2538 vobis
1181 2530 1191 2549 ,
1210 2509 1297 2538 non
1317 2490 1563 2537 accusanda
1583 2499 1712 2543 snnt3

331 2577 374 2618 et
389 2561 533 2613 nostra
555 2564 784 2629 purganda
806 2565 929 2614 vobis
948 2575 1008 2610 est
1026 2564 1139 2610 fama
1157 2601 1166 2619 ,
1185 2563 1218 2609 si
1235 2573 1295 2608 est
1318 2561 1506 2607 Domino
1533 2571 1716 2626 purgata

329 2637 604 2685 conscientia.
630 2636 718 2693 Qui
744 2636 918 2681 fortasse.
941 2636 1195 2699 prestabit.
1222 2635 1333 2680 sieut
1355 2670 1363 2686 ‚
1390 2643 1622 2695 antequam
1648 2649 1717 2677 ac-
