1902 3268
357 305 452 361 460
770 324 804 354 s.
850 321 1094 355 Aucuffrim
1119 324 1334 356 ἼΙῑιηεεονι

352 403 451 433 rum
474 385 705 444 actionem,
744 387 978 452 laudesque
998 389 1077 435 Dei
1101 389 1344 437 reddendas
1372 389 1671 438 ardentissima
1700 402 1742 438 et

356 457 623 505 ludicissima
641 458 853 505 charitate
879 476 1122 522 pergamus,

421 530 481 577 ΙΙ.
509 530 630 587 Quid
644 529 758 575 enim
777 546 984 590 magnum
1003 541 1081 586 est,
1107 531 1304 579 sioculos
1324 544 1504 596 pacatus
1527 532 1737 590 attendat,

359 611 401 647 et
420 599 626 660 cogitatio
653 599 902 646 Christiana
930 618 1017 647 non
1041 601 1208 648 deserat
1223 603 1495 649 considerare
1514 614 1555 649 et
1579 604 1743 658 videre,

359 670 535 716 remotis
557 669 762 717 humanis
803 671 1186 719 criminationibus
1219 690 1292 719 seu
1316 673 1426 720 veris
1461 691 1534 720 seu
1558 673 1673 722 falsis
1698 674 1744 720 in

356 742 415 789 eis
431 741 583 788 litteris
611 742 850 789 Ecclesiam
885 761 971 790 esse
991 744 1293 808 quaerendam,
1319 745 1398 791 ubi
1422 745 1624 792 Christus
1650 747 1743 792 Re-

357 814 561 879 demptor
584 818 674 875 ejus
703 815 924 862 innotuit?
949 816 1060 862 Nam
1096 817 1208 863 sicut
1235 834 1323 863 non
1351 816 1554 863 audimus
1593 828 1747 864 contra

359 884 588 931 Christum
615 901 702 941 e05,
731 886 808 949 qui
834 886 991 933 dicunt
1026 904 1186 951 corpus
1208 891 1299 948 eJ'us
1333 887 1386 933 de
1406 887 1606 952 sepulcro
1621 888 1747 934 fura-

361 966 451 1001 tum
474 973 496 1001 a
517 954 782 1019 Discipulis;
825 956 885 1002 sic
914 974 1002 1002 non
1037 957 1245 1004 debemus
1281 957 1430 1004 audire
1465 968 1619 1004 contra
1656 961 1747 1018 eJ'us

356 1024 595 1071 Ecclesiam
616 1041 704 1081 eos,
730 1025 806 1090 qui
829 1026 984 1072 dicunt
1005 1044 1092 1073 non
1126 1045 1220 1073 eam
1241 1045 1327 1073 esse
1351 1028 1431 1074 nisi
1453 1028 1497 1074 in
1512 1028 1612 1074 solis
1635 1027 1749 1075 Afris

359 1106 400 1142 et
425 1095 631 1142 Afrorum
656 1096 931 1160 paucissimis
955 1098 1095 1145 sociis,
1123 1098 1357 1161 Apostolus
1402 1099 1569 1163 quippe
1608 1099 1744 1153 dicit,

359 1166 567 1231 quoniam
596 1183 767 1214 veraces
798 1166 1036 1214 Christiani
1062 1168 1258 1214 membra
1284 1180 1384 1214 sunt
1410 1169 1592 1216 Christi.
1625 1169 1750 1215 Sicut

359 1255 459 1299 ergo
497 1255 586 1284 non
632 1237 850 1285 credimus
889 1238 1008 1285 furto
1049 1242 1307 1304 cujusquam
1357 1239 1532 1303 periisse
1574 1255 1749 1285 carnem

363 1308 528 1356 Christi
554 1319 771 1355 mortuam
795 1309 848 1355 de
875 1310 1103 1374 sepulcro,
1129 1310 1188 1356 sic
1209 1309 1383 1356 credere
1421 1327 1508 1356 non
1541 1309 1750 1356 debemus

361 1390 545 1444 peccato
563 1383 825 1444 cujusquam
852 1382 951 1427 viva
972 1385 1063 1442 ejus
1084 1381 1281 1427 membra
1304 1381 1477 1445 periisse
1491 1379 1544 1426 de
1562 1379 1744 1427 mundo.

364 1451 464 1498 Non
487 1461 550 1497 est
571 1451 722 1515 itaque
746 1451 939 1502 difficile.
963 1452 1173 1516 quoniam
1205 1463 1341 1516 caput
1374 1463 1435 1498 est
1462 1451 1684 1509 Christus,
1710 1461 1751 1498 et

364 1539 526 1586 corpus
551 1522 770 1580 Ecclesia,
798 1523 926 1570 simul
961 1524 1007 1570 in
1032 1524 1266 1585 Evangelio
1299 1522 1653 1570 commendatum
1682 1522 1750 1569 vi-

365 1593 484 1649 dere,
512 1604 553 1639 et
577 1604 713 1658 caput
746 1605 899 1640 contra
938 1593 1178 1640 calumnias
1209 1594 1467 1641 Judaeorum
1486 1631 1496 1650 ,
1524 1604 1566 1639 et
1591 1609 1751 1657 corpus

367 1674 521 1711 contra
556 1665 882 1711 criminationes
913 1666 1237 1713 haereticorum.
1272 1667 1382 1712 Nam
1404 1664 1524 1729 quod
1554 1664 1747 1724 legitur:

366 1758 386 1779 «
413 1736 659 1801 Oportebat
679 1735 908 1782 Christum
935 1737 1046 1800 pati,
1073 1748 1114 1783 et
1133 1754 1349 1797 resurgere
1373 1755 1395 1782 a
1416 1735 1602 1781 mortuis
1626 1734 1752 1781 tertio

364 1830 386 1850 υ
407 1807 476 1854 die
492 1807 530 1864 1,
554 1829 573 1850 »
596 1817 746 1854 contra
770 1824 839 1853 eos
863 1818 941 1859 est,
969 1809 1045 1872 qui
1064 1809 1219 1855 dicunt
1236 1819 1456 1854 mortuum
1478 1806 1531 1853 de
1550 1805 1752 1870 sepulcro

365 1896 452 1926 esse
482 1878 706 1925 sublatum
734 1897 743 1924 :
768 1879 889 1943 quod
919 1891 1061 1926 autem
1091 1880 1317 1945 sequitur:
1349 1901 1366 1920 α
1389 1881 1443 1925 Et
1461 1877 1753 1943 praedicariin

365 1949 574 1996 »nomine
595 1953 686 2009 ejus
709 1951 1037 2014 poenitentiam,
1067 1963 1109 1997 et
1134 1951 1426 1997 remissionem
1446 1959 1748 2013 peccatorum,

363 2041 384 2062 υ
408 2038 488 2086 per
505 2037 652 2066 omnes
672 2031 834 2080 gentes,
857 2022 1172 2087 incipientibus
1209 2023 1264 2067 ab
1284 2020 1522 2067 Jerusalem
1541 2021 1559 2049 2
1573 2057 1582 2075 ,
1606 2041 1625 2061 ›>
1644 2036 1754 2065 con-

365 2103 431 2138 tra
456 2108 526 2137 eos
549 2102 629 2147 est,
656 2092 733 2155 qui
756 2091 912 2138 dicunt
935 2111 1020 2139 non
1045 2111 1131 2140 esse
1155 2093 1392 2139 Ecclesiam
1413 2092 1457 2138 in
1488 2091 1594 2136 orbe
1613 2102 1754 2135 terra-

366 2180 466 2210 rum
496 2180 507 2209 z
530 2173 579 2209 ut
595 2179 682 2209 uno
701 2163 824 2210 brevi
844 2165 1038 2228 capitulo
1056 2165 1294 2229 paucisque
1307 2162 1466 2218 verbi&
1492 2172 1533 2208 et
1552 2161 1755 2207 inimicus

366 2233 522 2297 capitis
550 2243 592 2279 et
614 2233 818 2280 inimicus
843 2235 1040 2300 corporis
1070 2235 1328 2300 repellatur,
1357 2244 1399 2280 et
1427 2234 1457 2279 si
1483 2232 1667 2279 fideliter
1685 2242 1755 2277 at-

369 2304 574 2360 tenderit,
603 2305 861 2365 corrigatur.

432 2376 515 2422 Ill.
563 2375 673 2421 Nam
697 2386 840 2423 tenere
863 2377 961 2423 istas
981 2377 1231 2424 inimicitias
1250 2375 1403 2422 fratres
1435 2386 1605 2422 nostros
1635 2384 1755 2419 tanto

362 2446 499 2507 magis
522 2445 737 2503 dolemus,
765 2459 930 2512 quanto
958 2449 1092 2510 magis
1116 2466 1186 2494 eos
1205 2457 1373 2494 constat
1394 2446 1563 2492 easdem
1596 2444 1756 2507 Scrip-

364 2531 483 2565 turas
506 2517 737 2564 nobiscum
758 2529 917 2575 tenere,
940 2521 1102 2585 quibus
1131 2521 1228 2566 haec
1251 2519 1519 2584 apertissima
1546 2516 1754 2562 testimo-

365 2591 436 2636 nia
464 2589 757 2638 continentur.
788 2591 934 2637 Judaei
957 2592 1125 2657 quippe
1163 2592 1239 2655 qui
1279 2601 1438 2652 negant
1478 2587 1756 2635 resurrexisse

422 2674 431 2696 ¹
452 2675 527 2705 Luc.
548 2683 642 2716 xxxv,
663 2674 721 2709 46.
740 2690 782 2697 -
799 2673 990 2713 21bid.47.
