1902 3268
647 297 853 329 Eiuszora
895 298 1051 327 (xxviii.
1447 288 1531 335 381

161 377 285 428 posse
306 361 568 425 intelligere¹²
595 374 635 408 et
656 362 754 409 ideo
777 362 887 409 nihil
922 361 1002 407 tale
1031 378 1116 408 csse
1143 363 1440 426 arbitrantur,
1464 368 1538 414 sed

162 431 453 498 quorumdam
475 433 822 494 intelligentiam,
846 444 1057 498 quantum
1082 434 1253 480 homini
1270 435 1419 483 datum
1440 450 1500 484 est
1525 473 1537 491 ,

163 520 250 550 non
280 501 392 563 fugit
426 519 512 548 esse
547 515 740 568 apertam
773 505 1104 568 simplicemque
1127 505 1383 569 sapientiam
1410 519 1539 572 atque

163 575 386 621 veritatem
404 612 414 631 ,
449 591 548 638 quae
586 575 748 622 nullius
782 576 1010 622 animantis
1037 576 1090 621 sit
1112 578 1292 640 propria
1319 615 1330 634 ‚
1358 579 1430 626 sed
1453 597 1540 643 qua

163 645 452 692 communiter
473 646 612 692 omnis
630 684 640 699 ,
670 664 769 710 quae
786 647 831 693 id
851 657 992 710 potest
1014 646 1154 692 anima
1171 684 1182 704 ,
1211 648 1382 711 sapiens
1400 661 1442 696 et
1459 666 1538 697 ve-

164 735 236 764 rax
260 716 459 764 efficitur.
497 718 641 774 Quam
674 720 707 764 si
734 719 863 764 sensit
901 736 985 763 esse
1025 720 1319 777 Anaxagoras,
1359 737 1541 784 eamque

164 789 305 834 Deum
322 805 408 834 esse
432 788 565 845 vidit,
591 800 865 852 mentemque
891 788 1154 852 appellavit,
1177 805 1265 834 non
1293 790 1432 836 solum
1459 808 1542 837 no-

164 876 262 905 men
288 860 581 920 Anaxagorae,
618 859 736 922 quod
772 869 954 922 propter
986 857 1218 904 litteratam
1252 871 1503 907 vetustatem
1527 899 1538 917 ‚

165 946 312 975 omnes
355 941 403 976 ut
439 929 680 976 militariter
725 929 905 993 loquar,
950 928 1188 975 litteriones
1226 929 1410 977 libenter
1444 931 1539 978 suf-

162 1001 273 1046 flant
302 1001 423 1063 (53),
451 1017 528 1046 nos
552 999 706 1045 doctos
729 1010 770 1045 et
794 999 1006 1063 sapientes
1031 1016 1119 1045 non
1140 998 1245 1045 facit
1261 1038 1271 1057 ,
1293 1001 1366 1047 sed
1383 1002 1542 1066 neipsa

163 1070 342 1135 quidem
370 1075 460 1131 ejus
479 1071 696 1131 cognitio,
717 1086 804 1134 qua
828 1070 873 1116 id
895 1087 1044 1116 verum
1075 1087 1161 1116 esse
1191 1073 1407 1133 cognovit.
1443 1075 1542 1118 Non

163 1141 276 1188 enim
289 1142 640 1206 mihipropterea
657 1142 812 1187 veritas
823 1141 957 1187 chara
977 1159 1064 1187 esse
1082 1141 1228 1198 debet,
1249 1145 1349 1206 quia
1366 1161 1452 1190 non
1474 1144 1542 1189 la-

165 1213 248 1259 tuit
269 1217 586 1274 Anaxagoram,
608 1212 681 1259 sed
706 1212 808 1277 quia
827 1214 981 1260 veritas
999 1223 1078 1271 est,
1099 1214 1265 1260 etiamsi
1286 1215 1429 1262 nullus
1448 1232 1541 1262 eam

164 1288 434 1348 cognovisset
453 1287 646 1334 illorum.

229 1360 420 1407 XXVII.
450 1358 495 1404 Si
515 1358 649 1419 igitur
662 1375 744 1404 nec
762 1361 854 1417 ejus
868 1358 1083 1416 hominis,
1101 1358 1177 1422 qui
1199 1376 1347 1407 verum
1365 1361 1543 1407 forsitan

163 1431 307 1489 vidit,
337 1431 529 1493 cognitio
550 1447 628 1477 nos
649 1430 802 1476 inflare
820 1430 951 1476 debet
967 1468 979 1487 ,
1012 1441 1060 1477 ut
1089 1448 1136 1477 ea
1158 1434 1281 1496 quasi
1307 1433 1427 1480 docti
1457 1450 1543 1479 esse

163 1501 408 1559 videamur3
433 1501 507 1548 sed
532 1518 611 1548 nec
646 1501 784 1565 ipsius
804 1501 894 1547 veri
929 1500 1067 1547 solida
1092 1519 1175 1559 res,
1196 1520 1285 1567 qua
1305 1521 1401 1550 vere
1425 1503 1544 1550 docti

163 1590 250 1619 esse
267 1590 497 1637 possumus
519 1610 529 1629 ,
558 1583 725 1636 quanto
746 1573 888 1618 minus
909 1589 1057 1618 eorum
1077 1573 1328 1632 hominum,
1347 1576 1420 1639 qui
1438 1575 1545 1622 falsa

163 1654 417 1701 senserunt,
449 1643 628 1689 nomina
656 1653 700 1688 et
724 1642 930 1703 dogmata
963 1654 1155 1689 nostram
1195 1656 1377 1708 possunt
1412 1646 1545 1704 adju-

163 1732 264 1762 vare
293 1715 566 1771 doctrinam,
588 1724 631 1759 et
657 1713 837 1760 latentia
865 1714 1040 1774 cognita
1070 1716 1244 1762 facere?
1272 1733 1374 1762 cum
1397 1717 1432 1763 si
1457 1717 1544 1762 ho-

164 1786 302 1832 mines
334 1786 492 1842 simus,
532 1784 668 1844 magis
702 1801 781 1831 nos
815 1785 1064 1831 contristari
1105 1786 1255 1833 deceat
1289 1798 1352 1833 tot
1384 1799 1426 1834 et
1456 1799 1543 1833 tam

165 1856 497 1902 nobilitatorum
524 1854 756 1901 hominum
789 1856 1037 1913 erroribuS,
1064 1856 1098 1902 si
1131 1874 1201 1903 eos
1225 1857 1376 1905 audire
1400 1858 1545 1905 conti-

165 1927 302 1987 gerit,
331 1943 465 1990 quam
491 1926 588 1972 haec
618 1936 850 1989 propterea
882 1926 1071 1972 studiose
1094 1944 1288 1990 quaerere
1308 1965 1319 1985 ,
1354 1939 1404 1974 ut
1435 1929 1547 1975 inter

165 2012 253 2054 eos,
281 1997 358 2060 qui
375 1996 450 2042 illa
473 1995 700 2052 nesciunt,
732 1996 970 2056 jactatione
989 1996 1241 2044 inanissima
1262 2000 1539 2046 ventilemur.

167 2067 345 2124 Quanto
359 2067 475 2114 enim
499 2066 651 2113 melius
678 2084 732 2113 ne
754 2066 967 2113 audissem
990 2067 1168 2131 quidem
1194 2086 1354 2116 nomen
1380 2072 1545 2118 Demo-

166 2139 282 2195 criti,
312 2155 443 2202 quam
462 2154 562 2183 cum
578 2136 728 2183 dolore
747 2138 1001 2197 cogitarem,
1022 2139 1165 2185 nescio
1186 2156 1316 2203 quem
1339 2141 1426 2187 suis
1440 2152 1547 2187 tem-

168 2209 351 2273 poribus
386 2224 593 2268 magnum
634 2218 839 2271 putatum
861 2246 871 2264 ,
908 2209 985 2271 qui
1025 2208 1126 2254 deos
1153 2227 1240 2256 esse
1263 2211 1548 2257 arbitraretur

167 2278 372 2339 imagines
389 2315 401 2335 ,
428 2294 529 2341 quae
552 2277 605 2323 de
628 2277 775 2323 solidis
804 2279 1064 2342 corporibus
1079 2279 1281 2336 fluerent,
1309 2280 1548 2346 solidaeque

167 2352 260 2413 ipse
289 2366 376 2395 non
408 2359 575 2401 essent,
608 2365 762 2412 easque
792 2349 877 2394 hac
914 2360 1043 2413 atque
1081 2349 1167 2395 hac
1204 2361 1327 2397 motu
1362 2353 1546 2416 proprio

167 2419 484 2468 circumeundo
508 2429 636 2484 atque
660 2419 882 2465 illabendo
901 2421 946 2465 in
969 2421 1136 2466 animos
1159 2420 1390 2468 hominum
1406 2423 1546 2470 facere

169 2502 218 2539 ut
232 2491 296 2536 vis
319 2489 465 2535 divina
491 2490 726 2549 cogitetur,
749 2506 848 2535 cum
873 2490 1070 2553 profecto
1093 2489 1206 2537 illud
1227 2508 1406 2556 corpus,
1431 2493 1548 2539 unde

167 2563 310 2622 imago
344 2560 521 2617 flueret,
562 2571 728 2623 quanto
768 2560 949 2607 solidius
981 2571 1068 2618 est,
1112 2571 1235 2608 tanto
1269 2566 1549 2626 praestantius

170 2648 346 2698 quoque
382 2647 469 2680 esse
503 2630 766 2691 judicetur?
802 2631 996 2694 Ideoque
1029 2631 1259 2683 fluctuavit
1282 2637 1401 2694 eJus,
1436 2636 1550 2682 sicut
