1902 3268
313 246 404 304 [282
738 260 772 288 s.
815 257 1058 288 Anonsrrni
1093 255 1296 286 EPISCOPI

314 338 402 383 est,
424 325 522 371 haec
554 341 575 369 a
602 322 789 369 Domino
826 320 916 367 Deo
943 319 1128 385 petenda
1149 331 1224 367 est.
1266 319 1385 375 Quid
1429 320 1482 365 sit
1513 320 1689 366 beatum

316 414 426 448 esse,
453 415 475 442 a
504 393 651 441 multis
683 393 818 438 multa
856 403 955 437 sunt
980 392 1227 454 disputata,
1256 390 1328 436 sed
1349 407 1425 436 nos
1446 390 1498 436 ad
1531 390 1691 436 multos

315 479 357 514 ct
382 466 435 513 ad
458 466 593 512 multa
618 475 665 509 ut
695 463 800 526 quid
827 462 967 507 imus?
993 462 1185 507 Breviter
1203 461 1247 505 in
1271 461 1500 524 Scriptura
1525 461 1602 505 Dei
1622 478 1691 507 vc-

315 534 745 599 racite'1·quedic‘tum
769 543 853 590 est3
883 553 902 572 «
922 533 1078 576 Beatus
1099 531 1290 593 populus
1310 535 1434 590 cnjus
1454 542 1514 576 est
1535 532 1690 576 Domi—

317 630 336 650 »
357 624 436 652 nus
455 606 570 651 Deus
592 602 772 667 ipsiusff.
799 624 819 644 »
846 603 897 647 In
914 602 1010 665 ipso
1034 600 1201 665 populo
1227 611 1275 645 ut
1293 601 1449 655 simus,
1475 612 1604 663 atque
1637 600 1692 646 ad

314 695 413 724 cum
440 673 846 738 contemplandum,
872 683 1032 718 etcum
1052 689 1101 717 eo
1117 671 1205 716 sine
1229 672 1313 716 fine
1338 671 1571 717 vivendum
1589 688 1692 733 per-

313 747 459 794 venire
497 745 732 809 possimus,
775 765 794 784 «
817 744 931 788 Finis
954 738 1165 806 praecepti
1191 751 1253 786 est
1278 742 1469 787 charitas
1489 741 1541 787 de
1561 741 1694 787 corde

314 843 334 863 ))
354 837 467 884 puro
482 831 524 864 et
545 816 811 863 conscientia
832 816 966 871 bona,
987 826 1027 861 et
1048 815 1133 860 fide
1153 831 1239 859 non
1258 817 1358 861 ficta
1378 816 1442 862 2.»
1464 817 1514 860 In
1534 814 1692 860 eisdem

314 891 472 945 tribus,
500 905 581 951 pro
606 886 870 933 conscientia
896 886 1013 931 bona
1051 903 1146 950 spes
1175 887 1314 953 posita
1332 897 1406 932 est.
1434 885 1560 931 Fides
1594 900 1693 944 ergo

315 967 356 1005 et
372 976 468 1022 spes
482 968 523 1003 et
547 957 735 1002 charitas
760 957 813 1002 ad
840 958 980 1002 Deum
1001 958 1245 1018 perducunt
1269 967 1480 1012 orantem,
1505 956 1591 1001 hoc
1616 965 1694 1008 est,

314 1028 578 1083 credentem,
603 1036 864 1090 sperantem,
888 1026 1222 1086 desiderantem,
1245 1038 1286 1074 et
1303 1044 1402 1091 quae
1425 1036 1544 1090 petat
1570 1044 1591 1070 a
1608 1025 1694 1070 Do-

315 1099 433 1145 mino
455 1096 734 1143 indominica
759 1096 972 1142 Oratione
996 1099 1355 1145 considerantem.
1383 1097 1554 1157 Jernia
1572 1106 1614 1141 et
1639 1095 1694 1140 ab

314 1169 407 1214 aliis
425 1166 726 1230 voluptatibus
747 1166 835 1213 sine
860 1166 1006 1211 salutis
1027 1169 1224 1228 neglectu
1260 1167 1444 1213 carnalis
1464 1165 1696 1228 concupis-

312 1238 465 1285 centiae
491 1237 718 1283 refrenatio
741 1273 752 1292 ,
783 1236 1053 1300 maximeque
1076 1239 1358 1301 eleemosynae
1391 1236 1580 1282 multum
1614 1235 1695 1280 ad-

308 1312 468 1371 ju'vant
491 1308 747 1365 orationem,
772 1318 819 1353 ut
844 1307 1057 1371 possimus
1082 1310 1250 1365 c‘licere3
1277 1331 1297 1351 c<
1320 1309 1372 1354 In
1408 1308 1477 1354 die
1505 1306 1696 1352 tribula-

313 1401 334 1422 »
357 1381 484 1425 tionis
516 1389 621 1424 meae
642 1415 653 1434 ,
704 1379 846 1424 Deum
885 1379 1093 1441 exquisivi
1132 1381 1335 1426 manibus
1383 1379 1485 1424 meis
1511 1415 1521 1433 ‚
1569 1387 1698 1422 nocte

311 1472 332 1493 ›>
353 1458 498 1496 coram
517 1466 580 1504 ρο,
599 1455 640 1493 e‘t
656 1466 745 1494 non
763 1465 859 1494 sum
878 1447 1086 1511 deceptus
1104 1449 1418 1507 ³.»Qu0m0d0
1440 1448 1555 1493 enim
1579 1448 1696 1492 Deus

312 1520 599 1587 incorporalis
616 1531 657 1564 et
679 1519 978 1583 impalpabilis
996 1522 1198 1567 manibus
1211 1521 1468 1585 exquiritur,
1493 1518 1574 1564 nisi
1593 1534 1696 1581 ope-

314 1593 436 1638 ribus
462 1591 747 1654 exquiratur?

379 1658 517 1707 XXV.
547 1660 706 1706 Adhuc
730 1670 792 1706 est
807 1659 986 1706 'fortasse
1003 1698 1013 1718 ,
1043 1662 1164 1725 quod
1183 1678 1353 1726 quaeras
1371 1698 1381 1715 ‚
1405 1677 1483 1706 cur
1506 1662 1697 1721 Aposto-

315 1733 383 1779 lus
408 1731 589 1786 dixerit,
629 1730 788 1787 «Quid
824 1731 939 1776 enim
974 1748 1146 1778 oremus
1166 1770 1176 1789 ‚
1208 1733 1320 1778 sicut
1359 1739 1532 1794 oportet
1556 1727 1697 1773 nesci-

318 1823 339 1846 »
367 1802 510 1848 mus4.
540 1823 558 1842 »
596 1801 745 1864 Neque
779 1800 894 1845 enim
932 1800 1022 1847 ullo
1059 1802 1190 1848 modo
1233 1799 1501 1848 credendum
1540 1808 1602 1844 est
1630 1797 1698 1845 vel

317 1874 481 1937 ipsum,
507 1871 572 1918 vel
598 1873 758 1934 quibus
775 1871 854 1916 ista
876 1869 1069 1929 dicebat,
1089 1873 1356 1919 dominicam
1383 1870 1563 1918 nescisse
1582 1869 1698 1915 Ora-

319 1945 497 1989 tionem.
526 1942 617 1986 Cur
639 1958 738 2001 ergo
767 1947 974 2004 putamus
1004 1943 1093 1989 hoc
1125 1961 1221 1989 eum
1254 1942 1430 1997 dixisse,
1462 1939 1584 2004 quod
1619 1955 1699 1984 nec

319 2021 478 2060 temere
497 2013 658 2076 potuit,
683 2029 761 2058 nec
778 2012 1043 2059 mendaciter
1063 2014 1204 2061 dicere
1223 2051 1232 2070 ‚
1259 2013 1340 2058 nisi
1362 2012 1465 2075 quia
1489 2010 1699 2056 molestiae

321 2082 713 2145 tribulationesque
741 2082 999 2145 temporales
1029 2084 1288 2147 plerumque
1313 2093 1525 2146 prosunt,
1552 2080 1619 2127 vel
1645 2079 1698 2125 ad

322 2153 565 2200 sanandum
588 2164 801 2198 tumorem
827 2154 1064 2216 superbiae,
1097 2154 1163 2200 vel
1201 2154 1254 2199 ad
1279 2152 1554 2216 probandam
1579 2167 1699 2197 exer-

324 2224 561 2270 cendamve
584 2223 839 2287 patientiam
864 2260 875 2279 ,
900 2224 972 2269 cui
995 2225 1198 2288 probatae
1220 2235 1262 2270 et
1287 2223 1529 2268 exercitatae
1543 2221 1700 2268 clarior

326 2312 487 2340 merces
510 2295 769 2356 uberiorque
804 2304 999 2340 servatur
1017 2333 1028 2352 ‚
1057 2295 1124 2342 vel
1150 2295 1201 2340 ad
1234 2309 1524 2357 quaecumque
1546 2290 1698 2351 flagel-

326 2365 456 2411 landa
479 2376 521 2410 et
545 2364 759 2410 abolenda
796 2376 1008 2428 peccata3
1037 2376 1183 2411 tamen
1217 2382 1295 2410 nos
1328 2363 1562 2409 nescientes
1590 2358 1699 2424 quid

326 2435 408 2482 ista
432 2436 627 2499 prosint,
656 2436 711 2481 ab
734 2435 853 2481 omni
871 2435 1153 2482 tribulatione
1175 2445 1378 2499 optamus
1395 2432 1607 2480 liberari?
1630 2429 1698 2476 Ab

376 2535 387 2557 ¹
414 2534 496 2567 Psal.
521 2546 648 2578 cxmu,
674 2537 722 2568 ¹5.
746 2553 788 2561 —-
807 2533 822 2556 ²
841 2546 853 2566 1
872 2534 957 2570 Tim.
978 2547 1014 2576 1,
1043 2537 1073 2571 5.
1091 2553 1134 2560 —
1158 2532 1172 2558 3
1199 2532 1284 2567 Psal.
1304 2544 1421 2572 Lxxvr,
1450 2534 1482 2566 3.
1504 2549 1545 2556 -·-
1573 2527 1586 2553 ⁴
1604 2533 1698 2563 Rom.

328 2601 393 2624 vm
409 2615 420 2635 ,
442 2591 497 2622 26.
