1902 3268
377 241 472 290 318
783 256 818 287 s.
861 253 1106 287 AUGus'rmr
1141 251 1343 287 muscom

376 322 557 372 trecenti
575 332 618 368 et
630 320 780 368 decem
795 320 851 367 ad
872 337 999 367 suum
1014 319 1244 381 collegium
1258 336 1461 367 revocare
1480 330 1601 368 tanto
1622 320 1756 370 Maxi-

378 396 514 443 miani
536 392 757 452 sacrilcgio
780 401 1022 447 accusatOS,
1047 391 1261 437 intuentes
1275 390 1385 437 forte
1407 391 1529 456 quod
1544 391 1758 456 scriptum

377 478 440 514 est
467 484 479 512 ι
522 487 542 508 «
564 463 767 510 Charitas
801 461 996 525 cooperit
1020 461 1346 508 multitudinem
1370 474 1653 526 peccatorum
1678 462 1713 512 1.
1737 483 1759 506 »

380 536 556 595 Quibus
572 534 590 563 ²
619 543 762 579 autem
778 542 840 577 est
860 531 1120 595 permissum
1140 541 1312 595 tempus
1340 532 1578 590 dilationis,
1606 532 1711 580 foris
1735 551 1760 580 a

379 616 519 654 vestra
538 601 845 650 communione
859 601 1210 665 baptizaverunt,
1226 618 1527 666 quoscumque
1537 603 1762 667 baptizare

377 685 631 743 potuerunt.
660 674 810 736 Neque
833 671 949 718 enim
977 671 1059 717 nisi
1082 670 1186 717 foris
1203 670 1400 729 fuissent,
1426 672 1635 720 dilatione
1651 691 1761 720 con-

380 765 496 796 cessa
518 744 696 793 invitari
718 754 924 808 poterant
959 753 1009 789 ut
1037 742 1243 790 redirent.
1274 742 1440 790 Deinde
1468 754 1509 790 et
1531 755 1763 809 antequam

380 819 532 866 dilatio
547 817 763 872 finiretur,
786 825 828 860 et
850 825 998 878 postea
1033 831 1165 877 quam
1192 813 1318 859 finita
1340 824 1418 871 est,
1447 813 1512 860 illi
1531 814 1764 862 duodecim

379 907 482 937 cum
504 886 769 934 Maximiano
789 884 1002 942 damnati,
1028 884 1147 948 apud
1166 895 1251 930 tres
1276 894 1349 930 aut
1367 883 1555 948 amplius
1569 902 1765 949 procon-

380 961 491 1008 sules
517 957 709 1006 accusati
732 967 854 1013 sunt,
881 968 930 1002 ut
966 974 988 1002 e
1013 955 1189 1002 sedibus
1224 956 1310 1002 suis
1343 956 1582 1016 judiciario
1618 957 1766 1017 vigore

379 1032 678 1097 pellerentur:
714 1028 826 1073 inter
865 1044 975 1092 quos
1004 1039 1097 1073 erat
1122 1027 1363 1073 Felicianus
1394 1028 1679 1085 Mustitanus,
1712 1027 1767 1074 de

379 1120 469 1168 quo
502 1118 591 1147 non
627 1116 735 1160 ago,
773 1109 815 1143 et
846 1101 1129 1143 Praetextatus
1170 1097 1445 1144 Assuritanus
1497 1115 1639 1162 nuper
1685 1097 1767 1144 de-

377 1173 579 1229 functus,
611 1170 657 1217 in
688 1172 814 1230 cujus
836 1168 1032 1214 damnati
1054 1168 1153 1214 loco
1179 1167 1284 1214 alter
1300 1171 1397 1228 jam
1421 1167 1565 1214 fuerat
1589 1167 1768 1214 ordina-

378 1254 462 1291 tus.
489 1243 612 1300 Quos
635 1240 746 1287 duos
763 1256 852 1285 non
868 1256 980 1285 unus
994 1238 1264 1295 Primianus,
1282 1237 1356 1284 secl
1370 1238 1498 1284 multi
1511 1238 1769 1302 coepiscopi

376 1314 533 1369 vestri,
561 1329 664 1359 cum
685 1310 1034 1375 frequentissima
1056 1310 1366 1356 numerositate
1391 1309 1770 1370 Thamugadensis

380 1386 539 1452 Optati
558 1383 757 1431 natalitia
787 1382 887 1446 (46)
924 1381 1212 1439 celebrarent,
1238 1392 1339 1446 post
1361 1398 1514 1428 eorum
1552 1382 1642 1427 sine
1662 1380 1771 1428 dila-

379 1458 496 1505 tione
519 1455 862 1509 damnationem,
890 1463 990 1516 post
1027 1453 1324 1509 terminatam,
1352 1468 1453 1515 quae
1477 1452 1642 1498 caeteris
1667 1451 1770 1498 data

376 1527 534 1584 fuerat,
561 1524 834 1580 dilationem,
861 1533 958 1587 post
983 1522 1253 1583 divulgatam
1271 1521 1290 1551 4
1316 1521 1475 1568 forensi
1507 1522 1639 1568 etiam
1656 1532 1769 1568 stre-

382 1600 481 1664 pitu
497 1595 618 1661 apud
640 1605 707 1640 tot
729 1593 927 1640 consules
950 1593 1290 1648 accusationem,
1313 1593 1359 1639 in
1382 1592 1628 1637 honoribus
1656 1592 1772 1637 inte-

382 1669 466 1730 gris
500 1674 801 1729 susceperunt‚
839 1675 881 1710 et
899 1674 999 1727 post
1029 1681 1099 1710 eos
1138 1663 1313 1710 nullum
1352 1661 1700 1725 baptizaverunt.
1724 1661 1773 1708 Si

383 1739 489 1787 huic
515 1735 738 1784 assertioni
769 1734 999 1792 resistitur,
1030 1734 1100 1781 vel
1124 1733 1285 1780 horum
1305 1732 1474 1797 aliquid
1500 1732 1536 1778 si
1561 1743 1768 1794 negatur,

347 1831 351 1835 ⁴
382 1808 582 1876 periculo
606 1806 890 1870 episcopatus
912 1804 995 1851 mei
1012 1804 1155 1865 exigar
1173 1803 1361 1868 probare
1383 1802 1504 1867 quod
1529 1802 1700 1867 loquor.

452 1880 530 1928 vl.
558 1878 700 1923 Finita
723 1886 787 1921 est
804 1891 954 1933 causa,
980 1874 1112 1921 frater
1141 1873 1345 1920 Macrobi
1367 1891 1377 1918 :
1410 1874 1525 1919 Deus
1552 1873 1640 1920 hoc
1666 1873 1769 1934 egit,

386 1952 505 1998 Deus
525 1950 612 1995 hoc
634 1947 775 1994 voluit
801 1964 812 1992 ε
847 1946 1034 1992 occultae
1065 1945 1182 1991 illius
1223 1944 1513 2008 providentiae
1531 1943 1632 2001 fuit,
1657 1955 1706 1990 ut
1727 1944 1773 1992 in

382 2039 513 2068 causa
539 2016 792 2065 Maximiani
812 2016 1041 2079 speculum
1062 2016 1188 2062 vobis
1207 2014 1487 2060 correctionis
1506 2032 1772 2078 proponere-

382 2104 452 2140 tur
468 2130 478 2148 ,
506 2101 554 2138 ut
578 2088 718 2134 omnis
745 2085 975 2133 adversum
996 2103 1090 2143 nos,
1131 2086 1219 2131 imo
1244 2085 1453 2131 adversus
1495 2085 1661 2131 Christi
1684 2088 1774 2132 Ec-

385 2165 559 2212 clesiam
579 2171 669 2207 toto
702 2157 841 2204 orbe5
866 2168 1148 2212 crescentem,
1176 2173 1265 2202 non
1290 2156 1390 2202 dico
1413 2166 1572 2213 Vestra,
1600 2174 1653 2203 ne
1672 2157 1718 2203 in
1736 2167 1775 2203 te

387 2235 538 2284 videar
563 2229 921 2285 contumeliosus,
942 2229 1015 2275 sed
1043 2239 1157 2275 certe
1178 2239 1420 2274 vestrorum
1442 2227 1675 2274 criminosa
1695 2245 1773 2274 ca-

389 2305 559 2354 lumnia
577 2302 794 2349 finiretur.
835 2298 959 2345 Nihil
1000 2300 1114 2345 enim
1137 2299 1344 2344 remansit
1383 2298 1562 2343 omnino
1600 2315 1770 2355 eorum,

388 2393 490 2443 quae
513 2383 668 2421 contra
699 2388 777 2418 nos
815 2380 1024 2433 tanquam
1062 2369 1115 2415 de
1155 2368 1398 2432 Scripturis
1428 2368 1484 2414 ab
1518 2368 1775 2415 hominibus

387 2465 477 2496 non
489 2442 834 2505 intelligentibus
855 2440 1042 2506 proferri
1074 2439 1227 2488 solent.
1271 2441 1383 2486 Nam
1412 2439 1511 2485 haec
1544 2439 1709 2485 habere
1728 2438 1775 2486 in

434 2545 447 2572 ι
469 2556 483 2577 1
503 2546 590 2580 petr.
607 2553 652 2581 xv,
672 2542 704 2575 8.
719 2558 767 2565 —
782 2538 798 2563 2
815 2543 886 2572 ιον.
900 2538 978 2582 quia
995 2544 1103 2573 autem
1115 2544 1147 2573 et
1159 2538 1376 2585 permittatur.
1393 2553 1440 2564 -—
1453 2534 1467 2563 ³
1479 2535 1597 2582 Forte,
1611 2547 1713 2573 nunc.
1728 2553 1775 2564 -—-

389 2601 407 2631 ἱ
425 2605 503 2638 Lov.
521 2598 698 2640 divulgata.
715 2613 761 2623 -—
779 2595 794 2623 ⁵
810 2596 864 2632 Id.
881 2593 982 2632 orbIs.
