1902 3268
650 304 862 338 nrts‘mm
898 305 1070 339 cxxvn.
1443 295 1537 358 447

173 467 349 485 mwvwnwv
363 468 577 486 ’,ωηὶωωνυνννι
598 472 619 485 u
631 471 760 487 nmmum
768 472 807 486 nn
816 473 1457 495 uwwtuxuxnxkuxtwvwmmnssmmwv
1475 481 1543 497 :an

579 576 843 638 EPISTOLA
878 595 1077 640 cxxvu
1098 598 1128 640 ¹.

166 713 351 759 Dominis
373 717 528 756 eximiis
553 720 778 775 meritoque
808 720 1113 764 honorabilibus
1140 736 1185 761 ae
1211 723 1545 773 desiderabilibus

219 775 309 817 filiis
331 808 341 825 ,
385 779 643 818 ARMENrAmo
678 790 716 820 et
751 780 934 821 PAUUNAE
959 813 967 829 ‚
1008 785 1250 823 Aucus-,rmus
1289 787 1329 825 in
1369 787 1544 832 Domino

220 839 402 880 salutem.

168 983 447 1040 Augustinus
485 982 827 1026 Armentm·c¹um
852 994 891 1025 et
920 987 1050 1041 hujus
1086 1002 1266 1030 uoeorem
1299 989 1545 1037 Paulinam

227 1049 428 1093 hortatur
454 1061 501 1094 ut
529 1051 749 1094 mundum
777 1063 1084 1104 contemnant,
1105 1066 1144 1096 et
1168 1058 1448 1102 concinentiae
1468 1076 1546 1104 vo-

227 1127 321 1162 lum
339 1130 423 1176 quo
443 1130 485 1162 se
499 1121 672 1177 pariter
693 1120 948 1179 obligarunt
969 1123 1212 1166 exsolvant.

232 1267 268 1316 Ι.
310 1261 396 1314 Vm
416 1266 607 1328 egregius
636 1266 748 1313 filius
771 1283 892 1313 meus
917 1265 1122 1315 Ruferius
1151 1269 1289 1317 affinis
1317 1283 1456 1320 vester
1481 1290 1544 1322 re—

167 1337 268 1385 tulit
300 1338 413 1384 mihi
437 1336 545 1403 quid
582 1337 771 1384 Domino
801 1338 1030 1388 voveritis:
1051 1357 1138 1403 qua
1175 1345 1264 1402 ejus
1298 1346 1544 1392 narratione

167 1408 428 1456 exhilaratus
445 1447 457 1466 ,
481 1420 521 1455 et
539 1408 705 1455 ibidem
730 1420 922 1455 metuens
942 1428 995 1455 ne
1019 1410 1139 1457 aliud
1159 1412 1338 1459 suadeat
1360 1413 1431 1461 ille
1451 1427 1544 1462 ten·

166 1491 296 1537 tator,
312 1481 392 1545 qui
413 1481 539 1526 bonis
570 1479 731 1526 talibus
749 1480 987 1544 antiquitus
1017 1482 1207 1539 invidet,
1227 1484 1540 1534 exhortandam

165 1551 320 1615 paucis
347 1550 512 1597 credidi
536 1549 796 1597 charitatem
820 1562 963 1609 tuam,
991 1552 1180 1599 Domine
1197 1554 1346 1601 eximie
1370 1558 1544 1604 merito-

165 1637 250 1686 que
270 1622 543 1668 honorabilis
569 1632 610 1667 et
636 1619 931 1668 desiderabilis
960 1623 1050 1679 fili,
1088 1634 1134 1669 ut
1167 1625 1326 1684 cogites
1351 1627 1468 1689 quod
1496 1629 1541 1674 in

166 1692 327 1739 divinis
356 1692 538 1757 eloquiis
560 1691 717 1753 legitur
737 1711 790 1738 a«
814 1694 876 1739 Ne
904 1693 1045 1739 tardes
1076 1696 1270 1741 converti
1294 1697 1349 1742 ad
1387 1698 1544 1744 Domi-

168 1785 188 1806 »
212 1782 318 1811 num
336 1802 347 1821 ,
367 1780 506 1827 neque
535 1763 704 1809 differas
729 1763 781 1809 de
805 1763 874 1809 die
903 1763 948 1809 in
968 1762 1112 1810 diem?
1133 1782 1144 1809 :
1163 1787 1184 1807 »
1208 1777 1337 1829 atque
1364 1768 1547 1831 arripias

167 1852 376 1901 euresque
405 1833 677 1881 reddendum
697 1871 708 1889 ‚
736 1832 856 1897 quod
882 1834 921 1879 ei
951 1845 991 1880 te
1017 1835 1182 1881 vovisse
1217 1836 1359 1891 nosti,
1392 1839 1468 1900 qui
1504 1850 1546 1888 et

167 1905 314 1953 debita
343 1906 496 1967 exigit,
520 1916 562 1951 et
584 1907 793 1970 promissa
826 1905 1049 1968 persolvit.
1081 1908 1191 1952 Nam
1220 1917 1262 1952 et
1291 1907 1378 1954 hoc
1402 1910 1547 1973 scrip-

167 1987 263 2023 tum
288 1987 351 2022 est
375 1995 386 2022 ε
409 1997 430 2018 «
452 1976 612 2022 vovete
630 2013 641 2032 ,
681 1986 724 2022 et
749 1975 916 2022 reddite
952 1976 1142 2022 Domino
1175 1978 1265 2022 Deo
1296 1979 1467 2025 vestro⁵
1489 1997 1499 2025 :
1524 2004 1542 2022 υ

166 2064 420 2112 quanquam
442 2046 519 2093 etsi
536 2063 624 2092 non
641 2045 849 2102 vovisses,
873 2046 983 2110 quid
1016 2046 1136 2092 aliud
1171 2047 1250 2094 tibi
1277 2049 1545 2097 suadendum

167 2117 272 2175 fuit,
302 2129 375 2164 aut
393 2115 500 2182 quid
523 2115 675 2163 melius
695 2115 750 2163 ab
768 2115 946 2163 homine
970 2118 1062 2164 fieri
1086 2128 1253 2181 potest,
1290 2137 1423 2183 quam
1441 2132 1489 2166 ut
1508 2121 1546 2167 ei

168 2206 211 2235 se
230 2188 446 2245 restituat,
473 2206 497 2235 a
523 2205 610 2252 quo
637 2186 860 2235 institutus
887 2199 973 2245 est,
1013 2189 1255 2252 praesertim
1276 2190 1379 2252 quia
1405 2191 1549 2236 chari-

168 2258 267 2305 tatis
286 2277 386 2320 erga
401 2276 481 2305 nos
502 2257 579 2305 Dei
600 2269 766 2305 tantum
785 2260 992 2323 apparuit
1011 2270 1140 2323 atque
1161 2259 1292 2305 eluxit
1309 2260 1542 2322 indicium,

169 2340 220 2376 ut
239 2328 398 2376 Filium
422 2346 548 2375 suum
568 2329 837 2390 unigenitum
866 2330 1081 2385 mitteret,
1105 2330 1181 2393 qui
1206 2347 1288 2393 pro
1307 2331 1433 2377 nobis
1458 2349 1547 2378 mo-

167 2403 362 2447 reretur?
383 2401 534 2446 Restat
553 2417 652 2460 ergo
673 2410 721 2445 ut
741 2401 816 2446 fiat
832 2397 953 2463 quod
979 2398 1214 2462 Apostolus
1235 2400 1294 2446 ait
1313 2412 1545 2465 propterea

167 2481 392 2518 mortuum
417 2488 504 2518 esse
534 2469 784 2527 Christum,
815 2491 835 2513 <‹
861 2471 921 2516 Ut
945 2470 1023 2534 qui
1046 2471 1203 2518 vivunt
1226 2487 1313 2516 non
1340 2471 1424 2518 sibi
1454 2476 1545 2533 ,iam

219 2580 229 2603 Ι
252 2580 340 2612 Alias
356 2589 431 2614 nv.
451 2589 524 2623 quae
549 2584 654 2611 autem
675 2588 737 2617 1²7
769 2582 836 2610 erat
850 2601 858 2617 ‚
877 2586 963 2610 nunc
990 2587 1064 2609 100.
1082 2594 1125 2603 --
1143 2576 1268 2621 Scripta
1296 2577 1378 2611 forte
1395 2583 1450 2613 ιο.
1467 2585 1546 2616 6η,

171 2651 214 2660 -
228 2633 244 2658 ²
257 2635 354 2670 Eecli.
374 2646 404 2674 v,
423 2636 458 2670 8.
477 2651 521 2659 -—
539 2632 553 2658 3
567 2633 648 2667 Psal.
670 2643 767 2674 mxv,
789 2644 840 2667 η.
