1902 3268
630 333 989 368 Annonnonas.
1399 322 1498 373 555

115 397 256 468 piaris
291 399 594 457 Corbeiensis,
631 400 750 465 quod
792 417 929 447 unum
955 401 1088 462 hujus
1114 402 1322 466 Epistolae
1363 404 1493 452 MSS.

120 480 287 516 nostras
302 471 348 516 in
368 487 521 518 manus
539 470 667 518 venit.
697 470 767 517 Sic
797 472 926 518 etiam
949 472 1206 520 inscribitur
1224 474 1269 520 in
1301 474 1502 522 ludiculo

121 539 308 587 Possidii
331 558 431 605 cap.
468 559 510 605 7.
540 542 680 587 Porro
708 542 869 588 Albina
897 542 1098 589 Melaniae
1124 543 1206 589 fnit
1232 544 1409 592 senioris
1427 562 1508 591 nu-

121 628 194 657 rus
215 649 226 668 ‚
257 622 395 659 mater
417 612 603 674 Junioris
628 613 814 659 Piniano
835 614 878 659 in
902 614 1229 661 matrimonium
1259 615 1392 662 datae.
1419 618 1506 662 Eos

123 681 311 731 Melania
351 683 493 731 senior
529 682 753 746 aliquanto
788 695 886 730 ante
922 685 1173 732 Gothorum
1213 685 1500 749 irruptionem

122 754 261 799 Roma
292 753 520 811 eduxerat,
561 771 646 800 una
672 772 772 801 cum
806 756 896 802 filio
925 755 1160 802 Publicola
1192 759 1313 815 juxta
1350 757 1501 802 Palla-

122 823 244 870 dium
263 824 308 870 in
328 825 536 871 Lausiaca
569 825 721 872 histor.
751 826 829 890 qui
858 826 978 872 hunc
1005 826 1281 872 Publicolam
1309 843 1382 873 seu
1418 828 1501 872 Po-

121 893 328 959 plicolam
353 901 537 960 νεώτερον
569 896 787 954 juniorem
825 895 960 951 dicit,
993 895 1229 955 indigitans
1251 896 1417 942 fortean
1445 897 1502 942 fi-

121 964 230 1010 lium
273 982 359 1011 esse
398 964 638 1012 Publicolae
686 965 859 1012 Albinae
903 965 1069 1022 maritiz
1115 965 1170 1011 de
1210 969 1335 1026 cujus
1375 966 1500 1013 obitu

123 1035 265 1095 agitur
299 1052 431 1099 supra
467 1035 512 1081 in
542 1035 684 1100 Epist.
724 1039 802 1097 94.
831 1046 873 1081 et
900 1037 977 1099 9³3·
1018 1036 1324 1083 Comitabatur
1345 1036 1502 1100 profu-

123 1122 225 1169 gum
266 1105 440 1154 huncce
474 1106 719 1167 religiosum
759 1117 924 1153 coetum
952 1106 1183 1164 Ruffinus‚
1227 1124 1417 1171 cumque
1442 1107 1502 1154 eis

122 1176 168 1222 in
193 1176 342 1225 Sicilia
366 1177 620 1226 versabatur
655 1195 721 1223 an.
764 1179 870 1234 410.
904 1195 993 1242 quo
1019 1189 1214 1242 tempore
1238 1178 1376 1224 Gothi
1404 1179 1497 1224 Re-

123 1247 243 1307 gium
278 1247 445 1294 Julium
470 1248 658 1294 flammis
692 1248 948 1305 vastabant,
980 1249 1093 1296 sicut
1126 1259 1304 1295 testatur
1336 1249 1428 1312 ipse
1455 1248 1500 1295 in

124 1318 306 1383 prologo
328 1336 399 1367 seu
437 1319 629 1384 Epistola
662 1320 887 1366 [isacium
914 1357 924 1373 ‚
955 1321 1133 1383 praefixa
1159 1319 1504 1384 interpretationi

126 1389 327 1450 Origenis
362 1390 406 1436 in
438 1390 600 1436 librum
646 1390 934 1437 Numerorum
958 1428 968 1443 ‚
1011 1401 1048 1435 et
1085 1390 1259 1450 vulgata
1298 1390 1356 1436 ab
1380 1391 1496 1436 Hen-

124 1460 216 1505 rico
257 1459 424 1505 Valesio
456 1471 604 1506 annot.
644 1461 687 1505 in
733 1461 876 1506 Euseb
913 1461 992 1506 lib.
1033 1478 1094 1506 v1.
1121 1498 1130 1515 ‚
1170 1478 1208 1507 c,
1251 1462 1327 1507 38.
1373 1460 1502 1506 Haud

126 1530 264 1576 multo
288 1540 385 1594 post
408 1568 417 1586 ‚
459 1530 635 1576 Rullino
660 1531 887 1577 demortuo
911 1568 920 1585 ‚
951 1530 1270 1590 adnavigarunt
1297 1529 1359 1575 illi
1392 1534 1503 1576 (jar-

126 1600 345 1661 thaginem
376 1618 387 1645 :
425 1612 466 1646 et
502 1600 682 1664 demum
718 1601 981 1663 Thagastam
1014 1617 1251 1654 secessere3
1294 1604 1419 1660 eujus
1446 1600 1505 1645 rei

127 1671 257 1716 fidem
280 1671 385 1717 facit
414 1689 502 1716 non
545 1671 675 1717 modo
711 1670 864 1716 isthaec
908 1671 1133 1730 Augustini
1167 1671 1395 1734 Epistola,
1432 1669 1503 1715 sed

127 1742 254 1802 etiam
283 1742 600 1807 Metaplirastes
621 1743 664 1789 in
690 1740 888 1788 ‘Melaniae
905 1742 1094 1800 junioris
1112 1740 1204 1787 vita
1224 1741 1278 1787 ad
1304 1740 1418 1791 diem
1444 1742 1496 1786 331

128 1814 340 1861 Januarii.

489 1965 745 1996 Axxora'rio
784 1950 885 2013 (57)
924 1967 1020 2014 pag.
1065 1950 1174 2006 [155.

196 2081 474 2127 Marcellinus
494 2082 539 2127 in
562 2079 750 2126 Africam
783 2080 837 2125 ab
863 2079 1060 2125 Honorio
1090 2079 1242 2124 missus
1263 2114 1273 2133 ,
1308 2087 1355 2122 ut
1373 2075 1511 2122 colla-

133 2152 294 2198 tionem
312 2151 686 2199 Catholicosinter
706 2161 747 2195 et
768 2150 1017 2196 Donatistas
1032 2149 1085 2194 de
1103 2148 1189 2194 suis
1210 2145 1512 2193 controversiis

133 2224 368 2270 ineundam
412 2234 610 2277 curaret,
651 2223 852 2282 evulgato
878 2224 922 2267 in
954 2221 1106 2285 primis
1134 2220 1344 2283 rescripto
1373 2219 1514 2281 Impe-

133 2296 288 2340 ratoris
311 2313 357 2340 ea
377 2294 428 2340 de
448 2312 490 2340 re
512 2293 598 2358 ipsi
616 2292 719 2338 dato
742 2295 965 2339 Ravennae
982 2292 1051 2337 die
1077 2293 1142 2351 14.
1160 2307 1232 2336 seu
1266 2306 1329 2335 12.
1348 2288 1515 2333 Octob.

134 2366 305 2411 varano
325 2368 425 2411 Cos.
452 2364 514 2425 (id
537 2376 602 2408 est
615 2381 684 2408 an.
704 2364 839 2423 410.)
859 2363 949 2408 Juti
970 2361 1167 2425 rescripti
1188 2359 1375 2420 ejusdem
1398 2358 1515 2418 frag-

135 2448 329 2484 mentum
347 2437 391 2484 in
410 2436 509 2482 cod.
533 2434 704 2481 Theod.
733 2434 814 2480 lib.
848 2436 913 2479 10.
940 2434 970 2480 l.
996 2435 1041 2481 3.
1072 2433 1126 2479 de
1150 2431 1272 2491 relig.
1301 2430 1519 2476 subnota-

139 2519 224 2564 tur,
249 2507 389 2554 emisit
412 2509 503 2570 ipse
524 2504 719 2551 edictum
747 2503 908 2567 duplex
937 2521 1054 2550 anno
1085 2501 1357 2566 insequenti,
1383 2516 1519 2546 unum

136 2595 226 2642 quo
260 2579 496 2643 praestituit
520 2588 567 2625 ut
598 2575 823 2638 utriusque
854 2576 991 2639 partis
1022 2573 1218 2639 episcopi
1248 2572 1362 2618 intra
1401 2570 1515 2616 diem

139 2647 433 2697 Kalendarum
461 2647 693 2698 juniarum
719 2644 970 2698 conferendi
995 2661 1124 2696 causa
1155 2649 1521 2709 congregarentur
