1902 3268
400 242 458 296 δή
807 256 840 284 s.
889 255 1132 286 Arcirsria‘i
1172 255 1372 285 muscum

394 321 533 366 cimus
551 357 561 375 ‚
588 331 634 366 ut
659 321 712 367 ad
746 321 829 366 boc
854 321 1135 384 respondeat.
1171 322 1273 384 quia
1313 340 1395 368 non
1422 323 1548 369 licuit
1581 321 1780 368 damnari

396 390 644 437 inauditum
665 429 676 448 ‚
704 409 836 455 quem
875 392 1149 439 innocentem
1181 393 1309 440 fuisse
1342 395 1422 457 ipsi
1447 394 1578 440 modo
1599 393 1777 451 dieunt,

395 462 473 525 qui
495 478 595 509 eum
620 461 955 509 damnaverunt.
994 465 1079 508 Aut
1097 480 1197 523 ergo
1225 465 1433 510 innocens
1461 464 1660 510 damnari
1693 480 1780 510 non

396 533 577 587 debuit,
599 543 675 578 aut
693 549 850 578 nocens
870 532 1007 595 recipi
1030 533 1261 580 damnatus
1280 553 1367 580 non
1389 535 1555 582 debuit.
1583 536 1628 581 Si
1651 535 1780 580 inno-

395 621 495 649 cens
516 614 714 666 receptus
735 614 822 659 est,
844 603 1052 649 innocens
1067 603 1297 650 damnatus
1314 617 1375 651 est
1396 624 1406 651 :
1428 607 1461 651 si
1482 623 1638 652 nocens
1655 605 1778 651 dam-

393 685 523 720 natus
547 685 637 730 est,
668 691 830 720 nocens
852 685 1052 737 receptus
1069 685 1145 721 est.
1178 674 1225 720 Si
1253 676 1529 732 nesciebant,
1558 676 1633 739 qui
1656 675 1780 722 illum

395 744 740 799 damnaverunt,
770 755 917 790 utrum
945 745 1155 791 innocens
1184 745 1315 791 fuerit
1333 783 1343 803 ,
1372 746 1576 806 arguendi
1599 757 1700 792 sunt
1726 757 1784 792 te-

393 817 631 871 meritatis,
657 815 764 879 quia
789 814 1062 872 inauditum,
1087 816 1361 862 innocentem
1381 854 1392 872 ‚
1424 816 1477 862 de
1500 834 1589 880 quo
1621 817 1781 863 nescie-

392 887 526 943 bant,
550 886 758 932 damnare
783 887 874 932 ausi
903 898 1037 938 sunt;
1066 899 1107 933 et
1128 887 1181 933 de
1205 889 1409 951 praesenti
1435 887 1550 934 facto
1574 888 1781 949 intelligi-

394 975 491 1004 mus
521 957 671 1004 eadem
710 958 947 1004 temeritate
980 958 1077 1005 illos
1113 959 1336 1005 damnasse
1376 960 1506 1005 etiam
1540 960 1781 1024 superiores

395 1047 505 1094 quos
529 1029 773 1077 traditionis
793 1031 974 1077 erimine
991 1030 1326 1078 infamaverunt.
1359 1031 1403 1077 Si
1421 1032 1533 1077 enim
1554 1032 1697 1096 potuit
1725 1032 1780 1078 ab

394 1103 500 1166 ipsis
534 1103 742 1149 innocens
780 1102 1008 1158 damnari,
1052 1113 1294 1166 potuerunt
1330 1103 1386 1151 ab
1414 1103 1516 1167 ipsis
1554 1104 1782 1150 traditores

395 1173 522 1219 etiam
549 1174 635 1219 dici
661 1174 738 1237 qui
760 1191 846 1219 non
872 1185 995 1219 erant
1017 1173 1256 1221 traditores.

462 1248 522 1293 11.
555 1245 722 1292 Deinde
749 1244 863 1291 idem
901 1244 1145 1291 l·'elicianus
1170 1244 1404 1290 damnatus
1423 1245 1482 1291 ab
1512 1245 1615 1309 ipsis
1641 1246 1780 1292 multo

397 1330 591 1381 tempore
628 1334 729 1363 cum
773 1315 1040 1362 Maximiano
1080 1316 1428 1361 communicavit
1449 1353 1459 1371 ‚
1502 1316 1534 1360 si
1573 1316 1780 1361 innocens

394 1400 485 1434 erat
502 1388 679 1451 quando
700 1388 930 1433 damnatus
947 1398 1010 1432 est
1026 1424 1036 1442 ,
1058 1403 1140 1449 qua
1150 1404 1191 1431 re
1209 1386 1445 1449 posteriore
1464 1398 1660 1449 tempore
1677 1403 1778 1433 cum

395 1460 598 1506 scelerato
621 1458 879 1505 Maximiano
905 1457 1234 1502 communicans
1262 1457 1422 1502 multos
1446 1457 1689 1519 baptizavit
1706 1475 1780 1503 ex-

395 1544 460 1577 tra
482 1530 833 1577 communionem
852 1529 1045 1592 ipsorum
1061 1530 1079 1573 9
1097 1528 1242 1573 Testes
1259 1528 1454 1590 suntipsi
1474 1565 1484 1583 ,
1506 1528 1581 1591 qui
1600 1540 1780 1588 egerunt

396 1604 515 1667 apud
545 1601 875 1668 proconsulem,
916 1610 964 1645 ut
1003 1598 1118 1645 idem
1158 1599 1399 1645 Felicianus
1434 1610 1644 1663 tanquam
1676 1617 1775 1646 cum

398 1677 659 1722 Maximiano
695 1673 748 1719 de
784 1671 969 1717 Basilica
1001 1669 1316 1717 excluderetur.
1356 1671 1516 1715 Parum
1551 1687 1652 1729 ergo
1687 1682 1780 1717 erat

397 1748 622 1794 damnasse
654 1745 898 1795 absentem,
942 1742 1168 1787 damnasse
1202 1741 1474 1795 inauditum,
1522 1741 1774 1797 damnasse.

396 1820 509 1865 sicut
526 1818 698 1871 dieunt,
715 1816 989 1860 innocentem
1015 1812 1212 1875 insuper,
1236 1822 1275 1857 et
1301 1811 1441 1857 aditus
1462 1822 1521 1856 est
1540 1823 1690 1858 contra
1720 1813 1778 1859 il-

397 1892 487 1937 lum
534 1886 794 1952 proconsul,
832 1896 879 1930 ut
917 1884 971 1930 de
1011 1883 1204 1930 Ecclesia
1237 1883 1532 1946 expelleretur.
1572 1883 1647 1928 Vel
1674 1894 1778 1931 tunc
1819 1941 1822 1943 ‚

398 1961 575 2024 quando
591 1959 714 2004 illum
735 1954 1008 2018 expellebant
1024 1952 1077 1997 de
1098 1952 1285 1998 Ecclesia
1300 1990 1310 2007 ‚
1336 1951 1526 1998 latentur
1548 1953 1650 2016 quia
1669 1953 1779 1999 inter

397 2034 628 2079 damnatos
664 2038 705 2074 et
738 2027 966 2072 sceleratos
989 2035 1030 2069 et
1052 2024 1390 2069 tttaximianistas
1415 2041 1511 2070 enm
1544 2024 1778 2087 deputave-

396 2115 512 2152 runt.
557 2100 747 2159 Quando
783 2115 882 2158 ergo
921 2096 991 2142 ille
1016 2096 1272 2159 baptizabat
1297 2095 1495 2141 homines
1517 2097 1777 2142 lllaximiano

398 2169 1190 2232 communicans,baptismumverum
1213 2166 1347 2211 dabat
1362 2184 1415 2211 an
1440 2166 1625 2213 falsum?
1644 2168 1688 2212 Si
1710 2185 1777 2213 ve-

395 2264 494 2293 rum
509 2243 778 2308 baptismum
807 2239 942 2285 dabat
963 2237 1155 2302 quicum
1186 2237 1446 2283 lt'laximiano
1475 2238 1777 2284 communica-

394 2319 474 2364 bat
490 2355 499 2371 ,
517 2331 651 2381 quare
670 2321 899 2358 accusatur
915 2309 1159 2373 baptismus
1173 2308 1290 2353 orbis
1307 2312 1543 2355 terrarum?
1566 2310 1610 2354 Si
1632 2320 1775 2355 autem

391 2389 547 2436 falsum
577 2385 844 2449 baptismum
873 2381 1038 2437 dabat,
1076 2379 1254 2444 quando
1283 2381 1642 2427 communicabat
1674 2399 1775 2427 curn

392 2458 682 2507 Maximiano,
704 2471 839 2517 quare
863 2452 922 2498 sic
941 2462 1040 2497 sunt
1056 2451 1218 2513 recepti
1236 2467 1335 2495 cum
1354 2450 1429 2495 illo
1450 2467 1557 2513 quos
1577 2451 1622 2496 in
1640 2451 1775 2496 schis-

391 2543 504 2581 mate
527 2525 779 2574 Maximiani
815 2522 1077 2587 baptizavit‚
1109 2532 1150 2568 et
1172 2538 1297 2568 nemo
1322 2538 1393 2567 eos
1420 2521 1464 2566 in
1488 2532 1610 2584 parte
1632 2533 1773 2570 vestra

388 2598 707 2666 rebaptizavit?
