<?xml version="1.0" encoding="UTF-8"?>
<!DOCTYPE html PUBLIC "-//W3C//DTD XHTML 1.0 Transitional//EN"
    "http://www.w3.org/TR/xhtml1/DTD/xhtml1-transitional.dtd">
<html xmlns="http://www.w3.org/1999/xhtml" xml:lang="en" lang="en">
 <head>
  <title>
</title>
<meta http-equiv="Content-Type" content="text/html;charset=utf-8" />
  <meta name='ocr-system' content='tesseract 3.04.00' />
  <meta name='ocr-capabilities' content='ocr_page ocr_carea ocr_par ocr_line ocrx_word'/>
</head>
<body>
  <div class='ocr_page' id='page_1' title='image "./operaomniaaccura39auguuoft/operaomniaaccura39auguuoft_0466.png"; bbox 0 0 1902 3268; ppageno 0'>
   <div class='ocr_carea' id='block_1_1' title="bbox 339 273 1759 2696">
    <p class='ocr_par' dir='ltr' id='par_1_1' title="bbox 340 273 1719 490">
     <span class='ocr_line' id='line_1_1' title="bbox 340 273 1322 333; baseline 0.001 -12"><span class='ocrx_word' id='word_1_1' title='bbox 340 273 434 333; x_wconf 79' lang='lat'>456</span> <span class='ocrx_word' id='word_1_2' title='bbox 761 292 795 321; x_wconf 89' lang='lat' dir='ltr'>s.</span> <span class='ocrx_word' id='word_1_3' title='bbox 838 290 1083 326; x_wconf 74' lang='lat' dir='ltr'>Aususrmi</span> <span class='ocrx_word' id='word_1_4' title='bbox 1119 291 1322 323; x_wconf 71' lang='lat' dir='ltr'>Ertscot‘l</span> 
     </span>
     <span class='ocr_line' id='line_1_2' title="bbox 340 355 1719 422; baseline 0.002 -20"><span class='ocrx_word' id='word_1_5' title='bbox 340 355 588 422; x_wconf 88' lang='lat' dir='ltr'>conscripta</span> <span class='ocrx_word' id='word_1_6' title='bbox 614 367 924 418; x_wconf 84' lang='lat' dir='ltr'>utcognoscat‚</span> <span class='ocrx_word' id='word_1_7' title='bbox 944 369 1158 421; x_wconf 74' lang='lat' dir='ltr'><strong>expectet,</strong></span> <span class='ocrx_word' id='word_1_8' title='bbox 1182 359 1293 404; x_wconf 78' lang='lat' dir='ltr'>sicut</span> <span class='ocrx_word' id='word_1_9' title='bbox 1313 375 1360 404; x_wconf 88' lang='lat' dir='ltr'>ea</span> <span class='ocrx_word' id='word_1_10' title='bbox 1380 368 1420 404; x_wconf 91' lang='lat' dir='ltr'>te</span> <span class='ocrx_word' id='word_1_11' title='bbox 1444 358 1719 422; x_wconf 85' lang='lat' dir='ltr'>prolaturum</span> 
     </span>
     <span class='ocr_line' id='line_1_3' title="bbox 342 427 820 490; baseline 0.006 -18"><span class='ocrx_word' id='word_1_12' title='bbox 342 427 548 473; x_wconf 90' lang='lat' dir='ltr'>omnibus</span> <span class='ocrx_word' id='word_1_13' title='bbox 572 428 820 490; x_wconf 68' lang='lat' dir='ltr'>promisisti.</span> 
     </span>
    </p>

    <p class='ocr_par' dir='ltr' id='par_1_2' title="bbox 339 497 1759 2696">
     <span class='ocr_line' id='line_1_4' title="bbox 403 497 1722 554; baseline 0.005 -12"><span class='ocrx_word' id='word_1_14' title='bbox 403 498 462 544; x_wconf 91' lang='grc' dir='ltr'>ΙΙ.</span> <span class='ocrx_word' id='word_1_15' title='bbox 491 497 576 543; x_wconf 92' lang='lat' dir='ltr'>Illo</span> <span class='ocrx_word' id='word_1_16' title='bbox 592 498 743 554; x_wconf 88' lang='lat' dir='ltr'>etiam,</span> <span class='ocrx_word' id='word_1_17' title='bbox 764 500 943 544; x_wconf 86' lang='lat' dir='ltr'>veritate</span> <span class='ocrx_word' id='word_1_18' title='bbox 963 498 1133 551; x_wconf 78' lang='lat' dir='ltr'>confisi,</span> <span class='ocrx_word' id='word_1_19' title='bbox 1161 516 1237 544; x_wconf 92' lang='lat' dir='ltr'>nos</span> <span class='ocrx_word' id='word_1_20' title='bbox 1252 499 1429 546; x_wconf 89' lang='lat' dir='ltr'>vinculo</span> <span class='ocrx_word' id='word_1_21' title='bbox 1460 501 1722 548; x_wconf 86' lang='lat' dir='ltr'>conditionis</span> 
     </span>
     <span class='ocr_line' id='line_1_5' title="bbox 343 568 1723 634; baseline 0.005 -21"><span class='ocrx_word' id='word_1_22' title='bbox 343 568 674 628; x_wconf 78' lang='lat' dir='ltr'>obstringiinu8‚</span> <span class='ocrx_word' id='word_1_23' title='bbox 695 579 742 615; x_wconf 91' lang='lat' dir='ltr'>ut</span> <span class='ocrx_word' id='word_1_24' title='bbox 761 569 792 616; x_wconf 79' lang='lat' dir='ltr'>si</span> <span class='ocrx_word' id='word_1_25' title='bbox 814 570 941 616; x_wconf 91' lang='lat' dir='ltr'>nobis</span> <span class='ocrx_word' id='word_1_26' title='bbox 959 570 1006 626; x_wconf 77' lang='lat' dir='ltr'>ii,</span> <span class='ocrx_word' id='word_1_27' title='bbox 1031 587 1131 616; x_wconf 83' lang='lat' dir='ltr'>cuni</span> <span class='ocrx_word' id='word_1_28' title='bbox 1150 570 1311 634; x_wconf 89' lang='lat' dir='ltr'>quibus</span> <span class='ocrx_word' id='word_1_29' title='bbox 1324 573 1505 631; x_wconf 83' lang='lat' dir='ltr'><strong>agimus,</strong></span> <span class='ocrx_word' id='word_1_30' title='bbox 1521 573 1723 620; x_wconf 85' lang='lat' dir='ltr'>demons-</span> 
     </span>
     <span class='ocr_line' id='line_1_6' title="bbox 342 639 1723 707; baseline 0.004 -23"><span class='ocrx_word' id='word_1_31' title='bbox 342 650 456 685; x_wconf 86' lang='lat' dir='ltr'>trare</span> <span class='ocrx_word' id='word_1_32' title='bbox 489 639 739 703; x_wconf 81' lang='lat' dir='ltr'>potuerint,</span> <span class='ocrx_word' id='word_1_33' title='bbox 790 657 892 687; x_wconf 90' lang='lat' dir='ltr'>cum</span> <span class='ocrx_word' id='word_1_34' title='bbox 931 641 1170 687; x_wconf 88' lang='lat' dir='ltr'>secundum</span> <span class='ocrx_word' id='word_1_35' title='bbox 1214 642 1291 688; x_wconf 91' lang='lat' dir='ltr'>Dei</span> <span class='ocrx_word' id='word_1_36' title='bbox 1314 643 1525 705; x_wconf 87' lang='lat' dir='ltr'>promissa</span> <span class='ocrx_word' id='word_1_37' title='bbox 1567 643 1723 707; x_wconf 86' lang='lat' dir='ltr'>populi</span> 
     </span>
     <span class='ocr_line' id='line_1_7' title="bbox 342 708 1723 777; baseline 0.004 -24"><span class='ocrx_word' id='word_1_38' title='bbox 342 708 583 755; x_wconf 82' lang='lat' dir='ltr'>Christiani</span> <span class='ocrx_word' id='word_1_39' title='bbox 614 726 923 775; x_wconf 82' lang='lat' dir='ltr'>usquequaque</span> <span class='ocrx_word' id='word_1_40' title='bbox 952 711 1184 757; x_wconf 89' lang='lat' dir='ltr'>crescendo</span> <span class='ocrx_word' id='word_1_41' title='bbox 1205 715 1295 771; x_wconf 86' lang='lat' dir='ltr'>jam</span> <span class='ocrx_word' id='word_1_42' title='bbox 1324 729 1522 772; x_wconf 85' lang='lat' dir='ltr'>magnam</span> <span class='ocrx_word' id='word_1_43' title='bbox 1552 724 1723 777; x_wconf 85' lang='lat' dir='ltr'>partem</span> 
     </span>
     <span class='ocr_line' id='line_1_8' title="bbox 339 779 1720 847; baseline 0.003 -22"><span class='ocrx_word' id='word_1_44' title='bbox 339 779 457 825; x_wconf 87' lang='lat' dir='ltr'>orbis</span> <span class='ocrx_word' id='word_1_45' title='bbox 477 779 709 843; x_wconf 88' lang='lat' dir='ltr'>implerent</span> <span class='ocrx_word' id='word_1_46' title='bbox 732 819 742 837; x_wconf 86' lang='lat'>,</span> <span class='ocrx_word' id='word_1_47' title='bbox 761 781 865 827; x_wconf 86' lang='lat' dir='ltr'>etin</span> <span class='ocrx_word' id='word_1_48' title='bbox 886 792 1085 828; x_wconf 83' lang='lat' dir='ltr'>caeteram</span> <span class='ocrx_word' id='word_1_49' title='bbox 1109 781 1396 828; x_wconf 77' lang='lat' dir='ltr'>dilatarentur</span> <span class='ocrx_word' id='word_1_50' title='bbox 1420 782 1688 847; x_wconf 82' lang='lat' dir='ltr'>implendam</span> <span class='ocrx_word' id='word_1_51' title='bbox 1708 804 1720 838; x_wconf 91' lang='lat'>;</span> 
     </span>
     <span class='ocr_line' id='line_1_9' title="bbox 340 849 1724 917; baseline 0.003 -21"><span class='ocrx_word' id='word_1_52' title='bbox 340 849 488 896; x_wconf 87' lang='lat' dir='ltr'>subito</span> <span class='ocrx_word' id='word_1_53' title='bbox 510 850 747 897; x_wconf 75' lang='lat' dir='ltr'>Ecclesiam</span> <span class='ocrx_word' id='word_1_54' title='bbox 764 851 947 909; x_wconf 79' lang='lat' dir='ltr'><strong>Christi,</strong></span> <span class='ocrx_word' id='word_1_55' title='bbox 974 852 1117 898; x_wconf 86' lang='lat' dir='ltr'>nescio</span> <span class='ocrx_word' id='word_1_56' title='bbox 1138 869 1343 916; x_wconf 89' lang='lat' dir='ltr'>quorum,</span> <span class='ocrx_word' id='word_1_57' title='bbox 1370 870 1477 917; x_wconf 88' lang='lat' dir='ltr'>quos</span> <span class='ocrx_word' id='word_1_58' title='bbox 1502 854 1569 900; x_wconf 87' lang='lat' dir='ltr'>isti</span> <span class='ocrx_word' id='word_1_59' title='bbox 1588 871 1724 900; x_wconf 88' lang='lat' dir='ltr'>accu-</span> 
     </span>
     <span class='ocr_line' id='line_1_10' title="bbox 341 923 1726 986; baseline 0.003 -20"><span class='ocrx_word' id='word_1_60' title='bbox 341 930 454 976; x_wconf 89' lang='lat' dir='ltr'>sant,</span> <span class='ocrx_word' id='word_1_61' title='bbox 476 932 758 984; x_wconf 85' lang='lat' dir='ltr'>peccatorum</span> <span class='ocrx_word' id='word_1_62' title='bbox 778 923 958 986; x_wconf 86' lang='lat' dir='ltr'>perissse</span> <span class='ocrx_word' id='word_1_63' title='bbox 982 924 1201 984; x_wconf 81' lang='lat' dir='ltr'>contagio,</span> <span class='ocrx_word' id='word_1_64' title='bbox 1223 934 1264 969; x_wconf 85' lang='lat' dir='ltr'>et</span> <span class='ocrx_word' id='word_1_65' title='bbox 1292 924 1336 969; x_wconf 92' lang='lat' dir='ltr'>in</span> <span class='ocrx_word' id='word_1_66' title='bbox 1362 924 1449 970; x_wconf 90' lang='lat' dir='ltr'>sola</span> <span class='ocrx_word' id='word_1_67' title='bbox 1476 925 1726 970; x_wconf 83' lang='lat' dir='ltr'>remansisse</span> 
     </span>
     <span class='ocr_line' id='line_1_11' title="bbox 342 992 1727 1060; baseline 0.005 -25"><span class='ocrx_word' id='word_1_68' title='bbox 342 1002 466 1055; x_wconf 86' lang='lat' dir='ltr'>parte</span> <span class='ocrx_word' id='word_1_69' title='bbox 486 992 671 1046; x_wconf 90' lang='lat' dir='ltr'>Donati;</span> <span class='ocrx_word' id='word_1_70' title='bbox 691 993 725 1038; x_wconf 88' lang='lat' dir='ltr'>si</span> <span class='ocrx_word' id='word_1_71' title='bbox 749 993 854 1050; x_wconf 89' lang='lat' dir='ltr'>hoc,</span> <span class='ocrx_word' id='word_1_72' title='bbox 877 1005 927 1040; x_wconf 91' lang='lat' dir='ltr'>ut</span> <span class='ocrx_word' id='word_1_73' title='bbox 951 994 1118 1040; x_wconf 89' lang='lat' dir='ltr'>dictum</span> <span class='ocrx_word' id='word_1_74' title='bbox 1152 995 1222 1050; x_wconf 91' lang='lat' dir='ltr'>ist,</span> <span class='ocrx_word' id='word_1_75' title='bbox 1251 994 1546 1041; x_wconf 85' lang='lat' dir='ltr'>demonstrare</span> <span class='ocrx_word' id='word_1_76' title='bbox 1564 1007 1727 1060; x_wconf 84' lang='lat' dir='ltr'>potue-</span> 
     </span>
     <span class='ocr_line' id='line_1_12' title="bbox 343 1062 1730 1130; baseline 0.003 -22"><span class='ocrx_word' id='word_1_77' title='bbox 343 1062 448 1119; x_wconf 85' lang='lat' dir='ltr'>rint,</span> <span class='ocrx_word' id='word_1_78' title='bbox 470 1062 612 1109; x_wconf 90' lang='lat' dir='ltr'>nullos</span> <span class='ocrx_word' id='word_1_79' title='bbox 635 1062 751 1127; x_wconf 87' lang='lat' dir='ltr'>apud</span> <span class='ocrx_word' id='word_1_80' title='bbox 774 1081 843 1109; x_wconf 90' lang='lat' dir='ltr'>eos</span> <span class='ocrx_word' id='word_1_81' title='bbox 857 1064 1044 1110; x_wconf 88' lang='lat' dir='ltr'>honores</span> <span class='ocrx_word' id='word_1_82' title='bbox 1070 1064 1302 1128; x_wconf 80' lang='lat' dir='ltr'>episopalis</span> <span class='ocrx_word' id='word_1_83' title='bbox 1327 1067 1513 1112; x_wconf 88' lang='lat' dir='ltr'>muneris</span> <span class='ocrx_word' id='word_1_84' title='bbox 1533 1066 1730 1130; x_wconf 82' lang='lat' dir='ltr'>require-</span> 
     </span>
     <span class='ocr_line' id='line_1_13' title="bbox 344 1132 1731 1199; baseline 0.003 -20"><span class='ocrx_word' id='word_1_85' title='bbox 344 1150 460 1190; x_wconf 91' lang='lat' dir='ltr'>mus,</span> <span class='ocrx_word' id='word_1_86' title='bbox 484 1132 555 1178; x_wconf 89' lang='lat' dir='ltr'>sed</span> <span class='ocrx_word' id='word_1_87' title='bbox 577 1150 727 1180; x_wconf 86' lang='lat' dir='ltr'>eorum</span> <span class='ocrx_word' id='word_1_88' title='bbox 749 1151 997 1198; x_wconf 84' lang='lat' dir='ltr'>sequemur,</span> <span class='ocrx_word' id='word_1_89' title='bbox 1016 1153 1098 1199; x_wconf 82' lang='lat' dir='ltr'>pro</span> <span class='ocrx_word' id='word_1_90' title='bbox 1126 1135 1214 1181; x_wconf 89' lang='lat' dir='ltr'>sola</span> <span class='ocrx_word' id='word_1_91' title='bbox 1229 1145 1389 1181; x_wconf 75' lang='lat' dir='ltr'>aeterna</span> <span class='ocrx_word' id='word_1_92' title='bbox 1408 1137 1561 1193; x_wconf 85' lang='lat' dir='ltr'>salute,</span> <span class='ocrx_word' id='word_1_93' title='bbox 1585 1137 1731 1183; x_wconf 90' lang='lat' dir='ltr'>consi-</span> 
     </span>
     <span class='ocr_line' id='line_1_14' title="bbox 344 1204 1734 1271; baseline 0.001 -20"><span class='ocrx_word' id='word_1_94' title='bbox 344 1204 474 1262; x_wconf 92' lang='lat' dir='ltr'>lium,</span> <span class='ocrx_word' id='word_1_95' title='bbox 495 1204 657 1268; x_wconf 85' lang='lat' dir='ltr'>quibus</span> <span class='ocrx_word' id='word_1_96' title='bbox 679 1206 788 1252; x_wconf 88' lang='lat' dir='ltr'>tanti</span> <span class='ocrx_word' id='word_1_97' title='bbox 810 1207 992 1267; x_wconf 80' lang='lat' dir='ltr'>gratiam</span> <span class='ocrx_word' id='word_1_98' title='bbox 1016 1207 1220 1253; x_wconf 76' lang='lat' dir='ltr'>beneficii</span> <span class='ocrx_word' id='word_1_99' title='bbox 1252 1224 1334 1271; x_wconf 89' lang='lat' dir='ltr'>pro</span> <span class='ocrx_word' id='word_1_100' title='bbox 1368 1208 1538 1268; x_wconf 84' lang='lat' dir='ltr'>cognita</span> <span class='ocrx_word' id='word_1_101' title='bbox 1557 1208 1734 1254; x_wconf 83' lang='lat' dir='ltr'>veritate</span> 
     </span>
     <span class='ocr_line' id='line_1_15' title="bbox 348 1276 1736 1342; baseline 0.001 -20"><span class='ocrx_word' id='word_1_102' title='bbox 348 1276 624 1326; x_wconf 82' lang='lat' dir='ltr'>debebimus,</span> <span class='ocrx_word' id='word_1_103' title='bbox 657 1276 702 1322; x_wconf 89' lang='lat' dir='ltr'>Si</span> <span class='ocrx_word' id='word_1_104' title='bbox 728 1289 870 1324; x_wconf 88' lang='lat' dir='ltr'>autem</span> <span class='ocrx_word' id='word_1_105' title='bbox 912 1295 991 1323; x_wconf 93' lang='lat' dir='ltr'>nos</span> <span class='ocrx_word' id='word_1_106' title='bbox 1023 1278 1169 1342; x_wconf 87' lang='lat' dir='ltr'>potius</span> <span class='ocrx_word' id='word_1_107' title='bbox 1211 1278 1477 1325; x_wconf 84' lang='lat' dir='ltr'>valuerimus</span> <span class='ocrx_word' id='word_1_108' title='bbox 1514 1277 1736 1325; x_wconf 86' lang='lat' dir='ltr'>ostendere</span> 
     </span>
     <span class='ocr_line' id='line_1_16' title="bbox 346 1346 1737 1405; baseline 0.001 -13"><span class='ocrx_word' id='word_1_109' title='bbox 346 1346 586 1393; x_wconf 74' lang='lat' dir='ltr'>Ecclesiam</span> <span class='ocrx_word' id='word_1_110' title='bbox 617 1347 801 1405; x_wconf 79' lang='lat' dir='ltr'>Christi,</span> <span class='ocrx_word' id='word_1_111' title='bbox 828 1348 1025 1395; x_wconf 87' lang='lat' dir='ltr'>omnium</span> <span class='ocrx_word' id='word_1_112' title='bbox 1047 1366 1135 1395; x_wconf 91' lang='lat' dir='ltr'>non</span> <span class='ocrx_word' id='word_1_113' title='bbox 1155 1348 1296 1395; x_wconf 88' lang='lat' dir='ltr'>solum</span> <span class='ocrx_word' id='word_1_114' title='bbox 1315 1348 1644 1400; x_wconf 82' lang='lat' dir='ltr'>Africanarum.</span> <span class='ocrx_word' id='word_1_115' title='bbox 1665 1366 1737 1396; x_wconf 89' lang='lat' dir='ltr'>ve-</span> 
     </span>
     <span class='ocr_line' id='line_1_17' title="bbox 348 1418 1737 1484; baseline 0.002 -21"><span class='ocrx_word' id='word_1_116' title='bbox 348 1418 579 1464; x_wconf 86' lang='lat' dir='ltr'>rumetiam</span> <span class='ocrx_word' id='word_1_117' title='bbox 606 1420 992 1466; x_wconf 87' lang='lat' dir='ltr'>transmarinarum</span> <span class='ocrx_word' id='word_1_118' title='bbox 1019 1420 1346 1483; x_wconf 83' lang='lat' dir='ltr'>provinciarum</span> <span class='ocrx_word' id='word_1_119' title='bbox 1368 1457 1379 1477; x_wconf 92' lang='lat'><strong><em>‚</em></strong></span> <span class='ocrx_word' id='word_1_120' title='bbox 1409 1420 1737 1484; x_wconf 84' lang='lat' dir='ltr'>multarumque</span> 
     </span>
     <span class='ocr_line' id='line_1_18' title="bbox 351 1490 1741 1556; baseline 0.001 -21"><span class='ocrx_word' id='word_1_121' title='bbox 351 1490 545 1552; x_wconf 80' lang='lat' dir='ltr'>gentium</span> <span class='ocrx_word' id='word_1_122' title='bbox 571 1491 711 1554; x_wconf 86' lang='lat' dir='ltr'>spatia</span> <span class='ocrx_word' id='word_1_123' title='bbox 736 1491 997 1537; x_wconf 86' lang='lat' dir='ltr'>feracissima</span> <span class='ocrx_word' id='word_1_124' title='bbox 1030 1491 1302 1556; x_wconf 90' lang='lat' dir='ltr'>populorum</span> <span class='ocrx_word' id='word_1_125' title='bbox 1329 1492 1457 1555; x_wconf 87' lang='lat' dir='ltr'>copia</span> <span class='ocrx_word' id='word_1_126' title='bbox 1476 1495 1567 1552; x_wconf 87' lang='lat' dir='ltr'>jam</span> <span class='ocrx_word' id='word_1_127' title='bbox 1590 1502 1741 1538; x_wconf 88' lang='lat' dir='ltr'>tenen-</span> 
     </span>
     <span class='ocr_line' id='line_1_19' title="bbox 358 1562 1741 1626; baseline 0.001 -20"><span class='ocrx_word' id='word_1_128' title='bbox 358 1571 460 1616; x_wconf 85' lang='lat' dir='ltr'>tem,</span> <span class='ocrx_word' id='word_1_129' title='bbox 490 1571 532 1606; x_wconf 86' lang='lat' dir='ltr'>et</span> <span class='ocrx_word' id='word_1_130' title='bbox 561 1562 672 1607; x_wconf 86' lang='lat' dir='ltr'>sicut</span> <span class='ocrx_word' id='word_1_131' title='bbox 695 1564 906 1626; x_wconf 86' lang='lat' dir='ltr'>scriptum</span> <span class='ocrx_word' id='word_1_132' title='bbox 927 1572 989 1608; x_wconf 90' lang='lat' dir='ltr'>est</span> <span class='ocrx_word' id='word_1_133' title='bbox 1011 1573 1104 1608; x_wconf 79' lang='lat' dir='ltr'>tolo</span> <span class='ocrx_word' id='word_1_134' title='bbox 1127 1562 1296 1609; x_wconf 88' lang='lat' dir='ltr'>mundo</span> <span class='ocrx_word' id='word_1_135' title='bbox 1317 1562 1653 1608; x_wconf 82' lang='lat' dir='ltr'>fructificantem</span> <span class='ocrx_word' id='word_1_136' title='bbox 1672 1572 1741 1608; x_wconf 89' lang='lat' dir='ltr'>at-</span> 
     </span>
     <span class='ocr_line' id='line_1_20' title="bbox 356 1633 1741 1697; baseline 0.001 -20"><span class='ocrx_word' id='word_1_137' title='bbox 356 1649 442 1697; x_wconf 85' lang='lat' dir='ltr'>que</span> <span class='ocrx_word' id='word_1_138' title='bbox 463 1643 741 1690; x_wconf 78' lang='lat' dir='ltr'>crescentem,</span> <span class='ocrx_word' id='word_1_139' title='bbox 769 1633 991 1680; x_wconf 91' lang='lat' dir='ltr'>nullorum</span> <span class='ocrx_word' id='word_1_140' title='bbox 1027 1633 1261 1680; x_wconf 89' lang='lat' dir='ltr'>hominum</span> <span class='ocrx_word' id='word_1_141' title='bbox 1296 1634 1379 1680; x_wconf 86' lang='lat' dir='ltr'>sibi</span> <span class='ocrx_word' id='word_1_142' title='bbox 1404 1634 1741 1679; x_wconf 81' lang='lat' dir='ltr'>commixtorum</span> 
     </span>
     <span class='ocr_line' id='line_1_21' title="bbox 360 1703 1746 1769; baseline 0.001 -21"><span class='ocrx_word' id='word_1_143' title='bbox 360 1703 552 1767; x_wconf 87' lang='lat' dir='ltr'>peccatis</span> <span class='ocrx_word' id='word_1_144' title='bbox 571 1704 711 1767; x_wconf 82' lang='lat' dir='ltr'>perire</span> <span class='ocrx_word' id='word_1_145' title='bbox 735 1704 952 1768; x_wconf 78' lang='lat' dir='ltr'>potuisse:</span> <span class='ocrx_word' id='word_1_146' title='bbox 974 1705 1006 1750; x_wconf 91' lang='lat' dir='ltr'>si</span> <span class='ocrx_word' id='word_1_147' title='bbox 1043 1704 1230 1768; x_wconf 88' lang='lat' dir='ltr'>denique</span> <span class='ocrx_word' id='word_1_148' title='bbox 1262 1704 1482 1768; x_wconf 87' lang='lat' dir='ltr'>ipsorum,</span> <span class='ocrx_word' id='word_1_149' title='bbox 1512 1721 1620 1769; x_wconf 91' lang='lat' dir='ltr'>quos</span> <span class='ocrx_word' id='word_1_150' title='bbox 1641 1715 1746 1750; x_wconf 90' lang='lat' dir='ltr'>tunc</span> 
     </span>
     <span class='ocr_line' id='line_1_22' title="bbox 364 1776 1742 1841; baseline -0.001 -19"><span class='ocrx_word' id='word_1_151' title='bbox 364 1793 567 1822; x_wconf 88' lang='lat' dir='ltr'>accusare</span> <span class='ocrx_word' id='word_1_152' title='bbox 589 1776 850 1833; x_wconf 84' lang='lat' dir='ltr'>voluerunt,</span> <span class='ocrx_word' id='word_1_153' title='bbox 875 1777 1021 1840; x_wconf 85' lang='lat' dir='ltr'>potius</span> <span class='ocrx_word' id='word_1_154' title='bbox 1040 1793 1174 1841; x_wconf 86' lang='lat' dir='ltr'>quam</span> <span class='ocrx_word' id='word_1_155' title='bbox 1208 1777 1466 1822; x_wconf 84' lang='lat' dir='ltr'>convincere</span> <span class='ocrx_word' id='word_1_156' title='bbox 1489 1776 1742 1832; x_wconf 87' lang='lat' dir='ltr'>valuerunt,</span> 
     </span>
     <span class='ocr_line' id='line_1_23' title="bbox 364 1846 1747 1912; baseline 0 -20"><span class='ocrx_word' id='word_1_157' title='bbox 364 1847 649 1910; x_wconf 60' lang='lat' dir='ltr'>quaestionem</span> <span class='ocrx_word' id='word_1_158' title='bbox 665 1846 1105 1894; x_wconf 85' lang='lat' dir='ltr'>demonstraverimus</span> <span class='ocrx_word' id='word_1_159' title='bbox 1129 1864 1214 1893; x_wconf 88' lang='lat' dir='ltr'>esse</span> <span class='ocrx_word' id='word_1_160' title='bbox 1234 1847 1423 1904; x_wconf 81' lang='lat' dir='ltr'>finitam,</span> <span class='ocrx_word' id='word_1_161' title='bbox 1444 1847 1643 1912; x_wconf 87' lang='lat' dir='ltr'>quamvis</span> <span class='ocrx_word' id='word_1_162' title='bbox 1661 1863 1747 1893; x_wconf 90' lang='lat' dir='ltr'>non</span> 
     </span>
     <span class='ocr_line' id='line_1_24' title="bbox 366 1919 1750 1977; baseline 0 -13"><span class='ocrx_word' id='word_1_163' title='bbox 366 1919 408 1964; x_wconf 91' lang='lat' dir='ltr'>in</span> <span class='ocrx_word' id='word_1_164' title='bbox 429 1919 487 1964; x_wconf 88' lang='lat' dir='ltr'>eis</span> <span class='ocrx_word' id='word_1_165' title='bbox 517 1919 722 1966; x_wconf 83' lang='lat' dir='ltr'>Ecclesiae</span> <span class='ocrx_word' id='word_1_166' title='bbox 750 1937 880 1967; x_wconf 87' lang='lat' dir='ltr'>causa</span> <span class='ocrx_word' id='word_1_167' title='bbox 902 1919 1189 1977; x_wconf 84' lang='lat' dir='ltr'>consistat3et</span> <span class='ocrx_word' id='word_1_168' title='bbox 1218 1920 1504 1966; x_wconf 62' lang='lat' dir='ltr'>Caecilianum</span> <span class='ocrx_word' id='word_1_169' title='bbox 1543 1919 1750 1965; x_wconf 89' lang='lat' dir='ltr'>innocen·</span> 
     </span>
     <span class='ocr_line' id='line_1_25' title="bbox 366 1989 1751 2050; baseline -0.001 -15"><span class='ocrx_word' id='word_1_170' title='bbox 366 2000 471 2046; x_wconf 86' lang='lat' dir='ltr'>tem,</span> <span class='ocrx_word' id='word_1_171' title='bbox 492 1989 586 2036; x_wconf 86' lang='lat' dir='ltr'>illos</span> <span class='ocrx_word' id='word_1_172' title='bbox 611 2001 753 2036; x_wconf 85' lang='lat' dir='ltr'>autem</span> <span class='ocrx_word' id='word_1_173' title='bbox 771 1991 983 2037; x_wconf 84' lang='lat' dir='ltr'>violentos</span> <span class='ocrx_word' id='word_1_174' title='bbox 1008 2001 1049 2036; x_wconf 89' lang='lat' dir='ltr'>et</span> <span class='ocrx_word' id='word_1_175' title='bbox 1082 1990 1374 2037; x_wconf 88' lang='lat' dir='ltr'>calumniosos</span> <span class='ocrx_word' id='word_1_176' title='bbox 1415 2007 1504 2035; x_wconf 83' lang='lat' dir='ltr'>esse</span> <span class='ocrx_word' id='word_1_177' title='bbox 1529 1989 1751 2050; x_wconf 89' lang='lat' dir='ltr'>judicatos</span> 
     </span>
     <span class='ocr_line' id='line_1_26' title="bbox 371 2061 1753 2125; baseline -0.001 -19"><span class='ocrx_word' id='word_1_178' title='bbox 371 2061 427 2106; x_wconf 86' lang='lat' dir='ltr'>ab</span> <span class='ocrx_word' id='word_1_179' title='bbox 453 2078 501 2107; x_wconf 87' lang='lat' dir='ltr'>eo</span> <span class='ocrx_word' id='word_1_180' title='bbox 528 2062 798 2125; x_wconf 68' lang='lat' dir='ltr'>imperatore</span> <span class='ocrx_word' id='word_1_181' title='bbox 817 2099 827 2118; x_wconf 90' lang='lat'>,</span> <span class='ocrx_word' id='word_1_182' title='bbox 861 2062 915 2108; x_wconf 93' lang='lat' dir='ltr'>ad</span> <span class='ocrx_word' id='word_1_183' title='bbox 946 2065 1070 2122; x_wconf 87' lang='lat' dir='ltr'>cujus</span> <span class='ocrx_word' id='word_1_184' title='bbox 1107 2079 1280 2108; x_wconf 82' lang='lat' dir='ltr'>examen</span> <span class='ocrx_word' id='word_1_185' title='bbox 1303 2061 1626 2108; x_wconf 87' lang='lat' dir='ltr'>criminationes</span> <span class='ocrx_word' id='word_1_186' title='bbox 1656 2076 1753 2106; x_wconf 90' lang='lat' dir='ltr'>suas</span> 
     </span>
     <span class='ocr_line' id='line_1_27' title="bbox 370 2130 1747 2196; baseline 0 -20"><span class='ocrx_word' id='word_1_187' title='bbox 370 2130 486 2177; x_wconf 87' lang='lat' dir='ltr'>ultro</span> <span class='ocrx_word' id='word_1_188' title='bbox 511 2131 757 2178; x_wconf 82' lang='lat' dir='ltr'>accusando</span> <span class='ocrx_word' id='word_1_189' title='bbox 782 2132 991 2178; x_wconf 88' lang='lat' dir='ltr'>miserunt</span> <span class='ocrx_word' id='word_1_190' title='bbox 1012 2150 1022 2178; x_wconf 77' lang='lat' dir='ltr'>t</span> <span class='ocrx_word' id='word_1_191' title='bbox 1044 2142 1265 2196; x_wconf 83' lang='lat' dir='ltr'>postremo</span> <span class='ocrx_word' id='word_1_192' title='bbox 1285 2132 1319 2178; x_wconf 92' lang='lat' dir='ltr'>si</span> <span class='ocrx_word' id='word_1_193' title='bbox 1334 2131 1550 2196; x_wconf 88' lang='lat' dir='ltr'>quidquid</span> <span class='ocrx_word' id='word_1_194' title='bbox 1568 2131 1621 2177; x_wconf 91' lang='lat' dir='ltr'>de</span> <span class='ocrx_word' id='word_1_195' title='bbox 1645 2147 1747 2194; x_wconf 87' lang='lat' dir='ltr'>pec-</span> 
     </span>
     <span class='ocr_line' id='line_1_28' title="bbox 374 2201 1751 2267; baseline -0.001 -19"><span class='ocrx_word' id='word_1_196' title='bbox 374 2203 481 2249; x_wconf 87' lang='lat' dir='ltr'>catis</span> <span class='ocrx_word' id='word_1_197' title='bbox 503 2203 802 2267; x_wconf 88' lang='lat' dir='ltr'>quorumlibet</span> <span class='ocrx_word' id='word_1_198' title='bbox 820 2204 1051 2250; x_wconf 87' lang='lat' dir='ltr'>hominum</span> <span class='ocrx_word' id='word_1_199' title='bbox 1074 2203 1277 2259; x_wconf 81' lang='lat' dir='ltr'>dixerint,</span> <span class='ocrx_word' id='word_1_200' title='bbox 1296 2203 1364 2249; x_wconf 73' lang='lat' dir='ltr'>vel</span> <span class='ocrx_word' id='word_1_201' title='bbox 1388 2203 1592 2248; x_wconf 88' lang='lat' dir='ltr'>humanis</span> <span class='ocrx_word' id='word_1_202' title='bbox 1612 2201 1751 2247; x_wconf 89' lang='lat' dir='ltr'>docu-</span> 
     </span>
     <span class='ocr_line' id='line_1_29' title="bbox 376 2272 1755 2338; baseline -0.002 -18"><span class='ocrx_word' id='word_1_203' title='bbox 376 2275 548 2329; x_wconf 83' lang='lat' dir='ltr'>mentis,</span> <span class='ocrx_word' id='word_1_204' title='bbox 569 2273 636 2319; x_wconf 78' lang='lat' dir='ltr'>vel</span> <span class='ocrx_word' id='word_1_205' title='bbox 656 2273 814 2320; x_wconf 89' lang='lat' dir='ltr'>divinis</span> <span class='ocrx_word' id='word_1_206' title='bbox 832 2275 1186 2338; x_wconf 80' lang='lat' dir='ltr'>probaverimus,</span> <span class='ocrx_word' id='word_1_207' title='bbox 1205 2285 1279 2320; x_wconf 88' lang='lat' dir='ltr'>aut</span> <span class='ocrx_word' id='word_1_208' title='bbox 1295 2290 1443 2320; x_wconf 90' lang='lat' dir='ltr'>eorum</span> <span class='ocrx_word' id='word_1_209' title='bbox 1463 2272 1755 2319; x_wconf 81' lang='lat' dir='ltr'>innocentiam</span> 
     </span>
     <span class='ocr_line' id='line_1_30' title="bbox 374 2343 1757 2409; baseline -0.002 -18"><span class='ocrx_word' id='word_1_210' title='bbox 374 2345 488 2392; x_wconf 85' lang='lat' dir='ltr'>falsis</span> <span class='ocrx_word' id='word_1_211' title='bbox 509 2345 767 2391; x_wconf 86' lang='lat' dir='ltr'>criminibus</span> <span class='ocrx_word' id='word_1_212' title='bbox 796 2346 1033 2409; x_wconf 89' lang='lat' dir='ltr'>appetitam</span> <span class='ocrx_word' id='word_1_213' title='bbox 1053 2383 1063 2401; x_wconf 88' lang='lat'>‚</span> <span class='ocrx_word' id='word_1_214' title='bbox 1093 2356 1166 2391; x_wconf 85' lang='lat' dir='ltr'>aut</span> <span class='ocrx_word' id='word_1_215' title='bbox 1191 2345 1358 2391; x_wconf 86' lang='lat' dir='ltr'>Christi</span> <span class='ocrx_word' id='word_1_216' title='bbox 1385 2343 1649 2399; x_wconf 85' lang='lat' dir='ltr'>Ecclesiam,</span> <span class='ocrx_word' id='word_1_217' title='bbox 1675 2359 1757 2388; x_wconf 90' lang='lat' dir='ltr'>cu-</span> 
     </span>
     <span class='ocr_line' id='line_1_31' title="bbox 370 2414 1759 2477; baseline -0.001 -16"><span class='ocrx_word' id='word_1_218' title='bbox 370 2420 442 2477; x_wconf 89' lang='lat' dir='ltr'>jus</span> <span class='ocrx_word' id='word_1_219' title='bbox 461 2416 761 2462; x_wconf 88' lang='lat' dir='ltr'>communioni</span> <span class='ocrx_word' id='word_1_220' title='bbox 802 2417 1101 2473; x_wconf 78' lang='lat' dir='ltr'>coliaeremus,</span> <span class='ocrx_word' id='word_1_221' title='bbox 1138 2416 1270 2462; x_wconf 89' lang='lat' dir='ltr'>nullis</span> <span class='ocrx_word' id='word_1_222' title='bbox 1294 2433 1443 2461; x_wconf 90' lang='lat' dir='ltr'>eorum</span> <span class='ocrx_word' id='word_1_223' title='bbox 1473 2414 1642 2460; x_wconf 91' lang='lat' dir='ltr'>delictis</span> <span class='ocrx_word' id='word_1_224' title='bbox 1672 2430 1759 2459; x_wconf 90' lang='lat' dir='ltr'>esse</span> 
     </span>
     <span class='ocr_line' id='line_1_32' title="bbox 378 2486 1759 2548; baseline -0.004 -14"><span class='ocrx_word' id='word_1_225' title='bbox 378 2488 641 2534; x_wconf 83' lang='lat' dir='ltr'>destructam</span> <span class='ocrx_word' id='word_1_226' title='bbox 667 2506 677 2532; x_wconf 73' lang='grc' dir='ltr'><strong><em>ε</em></strong></span> <span class='ocrx_word' id='word_1_227' title='bbox 703 2488 763 2533; x_wconf 87' lang='lat' dir='ltr'>sic</span> <span class='ocrx_word' id='word_1_228' title='bbox 788 2492 879 2548; x_wconf 84' lang='lat' dir='ltr'>ejus</span> <span class='ocrx_word' id='word_1_229' title='bbox 902 2488 1134 2534; x_wconf 90' lang='lat' dir='ltr'>nobiscum</span> <span class='ocrx_word' id='word_1_230' title='bbox 1160 2498 1333 2534; x_wconf 86' lang='lat' dir='ltr'>teneant</span> <span class='ocrx_word' id='word_1_231' title='bbox 1350 2486 1580 2540; x_wconf 85' lang='lat' dir='ltr'>unitatem,</span> <span class='ocrx_word' id='word_1_232' title='bbox 1601 2495 1649 2530; x_wconf 84' lang='lat' dir='ltr'>ut</span> <span class='ocrx_word' id='word_1_233' title='bbox 1671 2502 1759 2530; x_wconf 91' lang='lat' dir='ltr'>non</span> 
     </span>
     <span class='ocr_line' id='line_1_33' title="bbox 380 2556 1759 2621; baseline -0.003 -15"><span class='ocrx_word' id='word_1_234' title='bbox 380 2558 519 2606; x_wconf 84' lang='lat' dir='ltr'>solum</span> <span class='ocrx_word' id='word_1_235' title='bbox 544 2559 659 2605; x_wconf 75' lang='lat' dir='ltr'>viam</span> <span class='ocrx_word' id='word_1_236' title='bbox 685 2559 833 2606; x_wconf 86' lang='lat' dir='ltr'>salutis</span> <span class='ocrx_word' id='word_1_237' title='bbox 857 2560 1097 2615; x_wconf 83' lang='lat' dir='ltr'>inveniant,</span> <span class='ocrx_word' id='word_1_238' title='bbox 1130 2559 1202 2606; x_wconf 89' lang='lat' dir='ltr'>sed</span> <span class='ocrx_word' id='word_1_239' title='bbox 1232 2577 1310 2605; x_wconf 80' lang='lat' dir='ltr'>nec</span> <span class='ocrx_word' id='word_1_240' title='bbox 1331 2559 1541 2605; x_wconf 83' lang='lat' dir='ltr'>bonorem</span> <span class='ocrx_word' id='word_1_241' title='bbox 1572 2556 1759 2621; x_wconf 88' lang='lat' dir='ltr'>Episco-</span> 
     </span>
     <span class='ocr_line' id='line_1_34' title="bbox 381 2629 1759 2696; baseline -0.001 -22"><span class='ocrx_word' id='word_1_242' title='bbox 381 2641 509 2695; x_wconf 81' lang='lat' dir='ltr'>patus</span> <span class='ocrx_word' id='word_1_243' title='bbox 529 2629 740 2676; x_wconf 78' lang='lat' dir='ltr'>amittant.</span> <span class='ocrx_word' id='word_1_244' title='bbox 771 2631 920 2696; x_wconf 80' lang='lat' dir='ltr'>Neque</span> <span class='ocrx_word' id='word_1_245' title='bbox 936 2631 1048 2677; x_wconf 86' lang='lat' dir='ltr'>enim</span> <span class='ocrx_word' id='word_1_246' title='bbox 1069 2631 1188 2677; x_wconf 88' lang='lat' dir='ltr'>ineis</span> <span class='ocrx_word' id='word_1_247' title='bbox 1209 2630 1371 2676; x_wconf 73' lang='lat' dir='ltr'>divina:</span> <span class='ocrx_word' id='word_1_248' title='bbox 1391 2629 1668 2675; x_wconf 79' lang='lat' dir='ltr'>Sacramenta</span> <span class='ocrx_word' id='word_1_249' title='bbox 1684 2643 1759 2674; x_wconf 79' lang='lat' dir='ltr'>ve·-</span> 
     </span>
    </p>
   </div>
  </div>
 </body>
</html>
