1902 3268
646 315 854 348 nms‘rom
889 316 975 347 civ.
1432 314 1517 365 291

148 399 230 436 tur.
257 388 373 434 Hinc
393 382 593 450 estquod
614 382 877 429 Christianis
896 381 1207 428 confitentibus
1222 393 1349 447 atque
1372 382 1527 448 depre-

147 459 348 506 cantibus
367 495 378 515 ,
413 457 489 521 qui
528 454 688 501 delicto
721 453 796 500 illo
837 452 1010 500 fuerant
1044 452 1258 517 implicati
1277 491 1288 511 ,
1335 453 1403 501 vel
1442 470 1531 501 non

147 527 441 576 succurrendo
461 543 620 573 arsurae
640 524 846 571 Ecclesiae
859 562 869 580 ,
890 523 958 571 vel
977 523 1030 570 de
1053 523 1386 570 sceleratissimis
1406 524 1530 589 rapi-

148 599 213 645 nis
246 598 413 661 aliquid
449 595 707 674 auferendo,
730 595 1006 659 poenitentiae
1038 594 1232 641 dolorem
1257 594 1533 641 fructuosum

148 686 236 716 esse
256 668 550 724 credidimus,
579 667 723 730 eisque
747 666 800 712 ad
828 666 1141 712 cotrectionem
1175 665 1368 712 sufficere
1387 665 1535 712 existi-

156 740 396 796 mavimus,
419 738 539 804 quod
574 739 683 784 inest
707 736 916 784 cordibus
947 753 1093 783 eorum
1118 735 1249 793 fides,
1275 753 1364 805 qua
1387 737 1534 783 consi-

157 810 306 857 derare
335 820 540 875 possent,
571 809 680 873 quid
701 808 754 854 de
772 807 922 854 divino
941 806 1112 866 judicio
1132 801 1368 854 formidare
1402 806 1538 853 debe·—

155 898 200 927 re
205 890 266 928 nt
295 882 407 938 Quae
428 892 569 927 autem
592 879 854 944 poenitentia
870 893 1019 924 sanare
1033 888 1175 942 potest
1186 895 1255 924 eos
1263 877 1542 942 ,quifontem

155 952 300 1016 ipsum
330 951 614 1012 indulgentiae
641 967 727 996 non
754 949 893 996 solum
919 966 1148 1010 agnoscere
1176 949 1425 1011 negligunt,
1459 965 1537 997 ve-

156 1023 387 1068 rumetiam
407 1021 585 1068 irridere
604 1038 652 1067 ac
667 1020 976 1085 blasphemare
996 1037 1085 1067 non
1112 1020 1317 1067 desinunt
1340 1039 1350 1067 ε
1373 1031 1414 1068 et
1432 1037 1543 1067 con-

155 1102 220 1139 tra
245 1092 327 1138 hos
352 1102 494 1139 tamen
519 1091 770 1138 inimicitias
800 1091 844 1137 iu
865 1090 996 1137 corde
1019 1108 1108 1137 non
1139 1091 1373 1138 retinemus
1389 1128 1400 1149 ,
1423 1085 1546 1154 quod

154 1162 217 1209 illi
236 1172 357 1227 patet
375 1179 423 1210 ac
441 1163 609 1210 nudum
629 1172 690 1208 est
705 1199 715 1219 ,
741 1165 867 1222 cujus
883 1172 924 1208 et
948 1162 992 1208 in
1013 1164 1218 1226 praesenti
1236 1200 1247 1220 ,
1269 1173 1313 1208 et
1332 1163 1378 1208 in
1393 1161 1542 1207 futura

155 1234 245 1280 vita
268 1245 310 1280 et
336 1235 540 1280 timemus
574 1233 794 1293 judicium
820 1271 831 1288 ,
871 1244 911 1279 et
947 1250 1170 1297 speramus
1200 1233 1422 1280 auxilium.
1459 1227 1544 1278 Sed

156 1305 423 1352 arbitramur
451 1322 528 1351 nos
546 1305 673 1351 etiam
696 1321 779 1367 pro
804 1304 911 1367 ipsis
936 1303 1103 1367 aliquid
1124 1304 1382 1368 providere,
1403 1303 1438 1349 si
1463 1302 1543 1364 ho-

155 1374 290 1421 mines
310 1375 386 1439 qui
419 1376 560 1421 Deum
581 1392 669 1420 non
697 1375 879 1431 timent,
910 1373 1076 1438 aliquid
1108 1375 1317 1433 timeant,
1343 1390 1433 1438 quo
1456 1390 1547 1420 non

155 1461 302 1491 eorum
327 1446 515 1492 laedatur
530 1446 696 1492 utilitas
716 1483 728 1502 ,
757 1444 830 1492 sed
850 1446 1017 1493 vanitas
1036 1446 1299 1506 castigetur3
1326 1462 1379 1491 ne
1403 1444 1458 1490 ab
1483 1443 1543 1489 eis

155 1517 272 1563 Deus
292 1517 384 1582 ipse
403 1531 531 1582 quem
547 1528 760 1582 spernunt
773 1555 783 1574 ‚
811 1518 935 1564 noxia
950 1519 1200 1575 securitate,
1225 1515 1543 1563 audacioribus

154 1587 278 1634 factis
296 1590 466 1650 gravius
481 1588 745 1646 offendatur,
766 1601 806 1635 et
822 1606 873 1636 ne
889 1588 982 1635 aliis
1004 1588 1058 1635 ad
1076 1588 1338 1635 imitandum
1358 1626 1369 1639 ,
1390 1585 1544 1634 eadem

154 1658 249 1721 ipsa
286 1660 490 1706 securitas
523 1659 664 1706 multo
695 1660 981 1724 perniciosius
1014 1670 1305 1725 proponatur.
1345 1658 1543 1721 Denique

155 1743 237 1792 pro
257 1730 419 1792 quibus
439 1730 517 1775 abs
535 1741 577 1776 te
600 1747 817 1790 rogamur,
844 1747 921 1776 nos
945 1747 1027 1793 pro
1046 1730 1132 1776 illis
1152 1733 1294 1776 Deum
1316 1740 1538 1789 rogamus,

155 1798 218 1844 uti
254 1815 325 1844 eos
355 1799 408 1845 ad
431 1817 473 1845 se
496 1810 746 1858 convertat,
769 1810 817 1846 ut
849 1799 934 1846 fide
957 1800 1174 1846 mundans
1194 1798 1328 1847 corda
1355 1813 1531 1856 eorum,

155 1883 353 1915 veracem
375 1886 424 1915 ac
442 1869 660 1916 salubrem
680 1886 802 1931 agere
826 1870 1130 1934 poenitentiam
1151 1870 1320 1917 doceat.

220 1939 275 1986 X.
305 1941 418 1986 Ecce
437 1951 602 2004 quanto
615 1958 686 1987 eos
702 1941 900 2005 quibus
915 1958 992 1987 nos
1011 1941 1261 1988 arbitrans
1250 1957 1404 1996 irasm
1431 1954 1541 2004 pace

157 2019 230 2055 tua
252 2009 463 2067 dixerim,
491 1979 733 2058 oidinatitis
758 2029 888 2075 quam
924 2021 997 2065 tu
1025 2012 1259 2076 utiliusque
1288 1976 1534 2070 diligimus,

156 2093 237 2144 pro
257 2081 365 2144 quib
372 2098 419 2126 us
434 2091 475 2126 et
500 2082 554 2127 ad
577 2082 780 2128 evitanda
802 2093 832 2128 t
824 2093 924 2128 into
949 2086 1112 2143 majora
1135 2082 1277 2139 mala,
1300 2091 1343 2127 et
1360 2079 1415 2126 ad
1433 2096 1536 2126 con-

156 2151 371 2214 sequenda
402 2162 524 2198 tanto
553 2157 719 2212 majoia
746 2153 891 2210 bona,
923 2153 1224 2218 deprecamur.
1258 2153 1381 2209 Quos
1406 2151 1536 2196 etiam

156 2231 232 2278 tu,
256 2222 291 2267 si
310 2239 356 2267 ex
382 2224 459 2269 Dei
484 2223 648 2269 coelesti
674 2241 851 2271 munere
868 2262 879 2282 ,
913 2243 1003 2271 non
1035 2243 1083 2272 ex
1105 2222 1338 2270 hominum
1366 2233 1535 2268 terreno

156 2306 274 2338 more
290 2292 485 2353 diligeres
504 2332 514 2350 ,
536 2294 841 2359 sinceriterque
856 2295 965 2341 mihi
988 2295 1266 2351 rescribereS,
1288 2291 1408 2358 quod
1433 2307 1537 2338 cum

160 2372 198 2408 te
211 2361 266 2408 ad
290 2365 660 2426 exuperantissimi
688 2360 772 2412 Dei
793 2366 960 2412 cultum
978 2366 1315 2428 religionemque
1340 2361 1535 2426 compel-

156 2432 286 2478 lerem
303 2471 313 2490 ,
336 2433 523 2481 libenter
544 2435 728 2482 audieris
744 2473 754 2493 ,
778 2451 865 2481 non
888 2436 1028 2482 solum
1044 2436 1141 2482 haec
1160 2436 1218 2481 eis
1240 2432 1437 2498 optares,
1460 2430 1536 2478 secl

157 2503 216 2549 eis
251 2503 306 2549 ad
329 2504 428 2551 haec
464 2508 556 2569 ipse
586 2507 778 2569 praeires.
810 2506 882 2552 Sic
907 2523 1034 2552 omne
1066 2505 1186 2570 apud
1213 2522 1290 2552 nos
1313 2514 1402 2550 tuae
1421 2501 1536 2567 peti-

158 2573 287 2620 tionis
308 2576 532 2636 negotium
555 2590 653 2622 cum
676 2590 834 2638 magno
853 2585 896 2622 et
917 2593 1022 2623 sano
1041 2576 1200 2637 gaudio
1220 2575 1434 2623 finiretur.
1461 2571 1535 2618 Sic

156 2642 275 2692 illam
291 2646 511 2694 coelestem
526 2647 716 2711 patriam
733 2685 744 2699 .
772 2663 908 2711 quam
932 2660 1032 2694 cum
1052 2646 1310 2695 intuendam
1332 2661 1419 2692 esse
1435 2658 1537 2691 sua-

1334 2733 1405 2779 ²9·
