1902 3268
625 304 834 335 EPtsTOLA
872 305 1001 334 cxxx.
1420 292 1505 350 [18¹

145 397 165 417 ))
180 375 305 420 nobis
325 373 471 420 debita
488 381 651 425 nostra,
667 369 777 415 sicut
800 380 840 415 et
858 386 935 414 nos
953 368 1211 417 dimittimus
1234 372 1508 419 debitoribus

146 467 167 487 »
179 444 366 490 nostris?
385 466 404 484 »
426 442 515 498 Qui
539 439 664 496 dicit,
687 460 706 481 ε(
729 440 860 486 Aufer
887 458 909 485 a
929 457 995 485 me
1015 442 1389 504 concupiscentias
1413 461 1520 489 vcn-

145 537 166 557 »
186 516 285 571 tris,
309 525 351 561 et
381 511 642 559 desiderium
667 511 928 556 concubitus
953 528 1004 556 ne
1029 512 1332 575 apprehendat
1356 531 1422 559 me
1441 513 1478 570 1,
1498 534 1518 555 »

142 584 250 650 quid
277 583 395 630 aliud
419 582 529 629 dicit
547 597 698 644 quam,
716 602 735 621 «
754 581 818 626 Ne
837 598 913 626 nos
932 581 1088 627 inferas
1110 582 1155 627 in
1177 583 1522 629 tentationemp»

146 656 267 712 Quid
288 655 418 710 dicit,
444 675 464 695 «
486 654 599 698 Erue
619 669 685 697 me
705 653 759 697 ab
780 652 965 698 inimicis
985 653 1107 709 meis,
1135 653 1268 709 Deus,
1300 663 1341 699 et
1373 654 1428 699 ab
1451 654 1524 699 in-

151 747 173 769 »
191 725 464 786 surgentibus
485 740 615 786 super
636 739 724 778 me,
750 722 886 768 libera
915 739 981 767 me
998 722 1036 778 2,
1070 744 1090 763 »
1125 723 1232 785 quid
1262 723 1380 769 aliud
1417 724 1524 769 dicit

152 814 282 861 quam
305 834 315 852 ‚
347 818 367 838 α
391 795 549 841 Libera
574 811 649 838 nos
682 811 700 838 a
732 791 843 838 malo
863 797 880 838 ἱ)
901 816 921 834 »
957 794 1009 837 Et
1039 793 1071 838 si
1098 810 1175 856 per
1200 794 1343 839 onmia
1369 811 1527 856 preca-

151 868 322 913 tionum
361 875 606 912 sanctarum
640 863 770 909 verba
801 862 1044 918 discurram,
1074 874 1288 925 quantum
1314 863 1525 918 existimo,

151 939 266 984 nihil
288 936 477 983 invenies
503 933 621 997 quod
649 934 693 978 in
720 935 797 979 ista
829 933 1049 979 dominica
1080 950 1168 979 non
1195 934 1469 979 contineatur
1491 945 1534 979 et

151 1007 442 1054 concludatur
467 1004 687 1051 Oratione.
714 1003 839 1050 Unde
863 1004 1046 1049 liberum
1074 1014 1136 1049 est
1169 1004 1261 1049 aliis
1287 1015 1413 1067 atque
1437 1004 1531 1050 aliis

150 1079 312 1135 verbis,
327 1077 474 1124 eadem
497 1087 641 1120 tamen
661 1075 706 1121 in
726 1074 891 1121 orando
910 1074 1078 1130 dicere3
1109 1074 1284 1121 sednon
1303 1075 1432 1122 debet
1445 1092 1531 1122 esse

148 1149 339 1195 liberum
361 1148 442 1194 alia
463 1146 621 1192 dicere.

215 1219 389 1264 XXIII.
414 1218 523 1263 Haec
545 1227 586 1261 et
608 1233 691 1294 pro
720 1216 865 1272 nobis,
893 1225 935 1261 et
951 1232 1032 1278 pro
1056 1216 1240 1269 nostris3
1267 1227 1308 1262 et
1331 1233 1435 1280 pro·
1428 1216 1527 1262 alie-

157 1289 224 1335 nis
248 1326 260 1346 ‚
303 1299 432 1352 atque
482 1304 562 1350 pro
606 1287 709 1364 ips-is
739 1286 926 1332 inimicis
953 1287 1042 1332 sine
1081 1287 1219 1332 fluctu
1245 1287 1532 1333 dubitationis

165 1358 331 1404 oranda
348 1367 474 1403 sunt:
502 1357 702 1420 quamvis
723 1355 830 1401 alius
856 1373 938 1418 pro
963 1356 1060 1412 isto,
1084 1356 1192 1402 alius
1210 1374 1290 1420 pro
1310 1357 1404 1411 illo,
1423 1357 1536 1403 sicut

165 1444 208 1473 se
226 1428 394 1473 habent
417 1425 765 1490 propinquitates
788 1425 854 1471 vel
885 1425 1221 1489 longinquitates
1249 1427 1532 1472 necessitudi-

161 1514 266 1543 num
301 1497 345 1542 in
373 1495 504 1542 corde
530 1495 693 1540 orantis
723 1495 887 1541 oriatur
921 1506 996 1540 aut
1015 1495 1192 1540 excellat
1221 1497 1412 1543 affectus,
1443 1496 1532 1553 Qui

155 1578 295 1613 autem
317 1566 425 1612 dicit
441 1566 484 1612 in
504 1565 713 1621 oratione,
727 1565 849 1610 verbi
871 1566 1004 1625 gratia
1023 1583 1033 1610 :
1053 1567 1237 1611 Domine
1254 1603 1264 1621 ‚
1291 1566 1535 1629 multiplica

149 1637 324 1683 divitias
347 1653 478 1692 meas,
505 1646 595 1691 aut,
619 1637 680 1680 Da
706 1635 815 1680 mihi
841 1646 980 1680 tantas
994 1646 1177 1698 quantas
1200 1636 1262 1681 illi
1288 1636 1353 1681 vel
1373 1636 1436 1681 illi
1455 1636 1535 1681 de-

149 1707 270 1764 disti,
289 1718 381 1763 aut,
400 1707 597 1752 Honores
617 1722 735 1751 meos
753 1722 876 1766 auge,
899 1705 967 1752 fac
986 1723 1054 1751 me
1073 1707 1117 1751 in
1137 1707 1223 1752 hoc
1243 1706 1403 1752 saeculo
1421 1724 1535 1771 prae-

148 1789 372 1842 potentem
402 1788 529 1841 atque
554 1777 785 1822 clarentem
803 1813 813 1831 ‚
848 1776 916 1822 vel
955 1777 989 1822 si
1022 1777 1130 1840 quid
1155 1776 1410 1837 hujusmodi
1434 1789 1496 1824 est
1517 1798 1529 1832 ;

149 1860 191 1895 et
213 1850 312 1896 haec
344 1849 482 1905 dicit,
518 1865 664 1894 eorum
702 1847 870 1893 babens
902 1849 1301 1912 concupiscentiam
1322 1886 1332 1903 ‚
1360 1866 1448 1894 non
1483 1848 1529 1894 id

148 1920 374 1966 attendens
389 1957 400 1976 ‚
424 1930 472 1965 ut
492 1936 539 1965 ex
563 1918 632 1963 bis
655 1917 893 1964 secundum
921 1918 1060 1963 Deum
1084 1918 1220 1981 prosit
1241 1918 1523 1964 hominibus:

147 2001 257 2054 puto
277 2006 375 2036 eum
401 2006 488 2035 non
513 1989 706 2034 invenire
725 1989 771 2033 in
792 1987 1001 2034 Oratione
1024 1988 1243 2034 dominica
1262 2025 1272 2043 ‚
1293 2005 1380 2051 quo
1395 1989 1531 2051 possit

146 2059 247 2106 haec
285 2070 388 2106 vota
417 2068 637 2121 coaptare.
678 2057 977 2114 Quamobrem
1014 2057 1177 2121 pudeat
1210 2056 1357 2102 saltem
1380 2068 1526 2121 petere

148 2146 247 2192 quae
270 2147 358 2174 non
393 2128 531 2192 pudet
567 2144 724 2190 cupere
744 2147 755 2181 3
786 2138 859 2172 aut
879 2127 913 2172 si
936 2138 979 2173 et
1000 2126 1085 2173 hoc
1118 2127 1275 2190 pudet,
1297 2127 1369 2172 sed
1393 2127 1524 2190 cupi-

148 2200 262 2245 ditas
278 2199 415 2245 vincit
441 2236 452 2254 ‚
478 2209 644 2262 quanto
667 2198 819 2243 melius
838 2197 924 2242 hoc
944 2198 1127 2260 petitur,
1147 2208 1195 2242 ut
1211 2196 1339 2242 etiam
1366 2197 1422 2242 ab
1442 2197 1523 2242 isto

149 2269 404 2333 cupiditatis
436 2269 550 2316 malo
582 2268 763 2325 liberet,
804 2268 877 2314 cui
899 2267 1112 2324 dicimus,
1152 2288 1173 2308 <‹
1192 2268 1351 2313 Libera
1378 2284 1456 2313 nos
1497 2285 1520 2313 a

150 2360 170 2381 »
194 2339 321 2386 malo.
346 2361 367 2382 »

214 2410 373 2456 XXIV.
415 2410 561 2455 Habes
583 2419 797 2473 quantum
822 2409 1011 2454 arbitror
1031 2446 1042 2464 ,
1082 2425 1169 2453 non
1207 2407 1347 2453 solum
1378 2407 1518 2472 qualis

148 2497 263 2533 ores;
287 2481 568 2526 verumetiam
603 2479 710 2543 quid
735 2496 826 2524 ores
849 2500 860 2533 ;
890 2496 978 2525 non
1002 2497 1068 2525 me
1096 2479 1302 2534 docente,
1341 2478 1412 2524 sed
1437 2478 1511 2524 illo

147 2551 223 2614 qui
242 2568 388 2598 omnes
411 2569 487 2598 nos
511 2551 665 2597 docere
692 2551 893 2612 dignatus
912 2562 987 2598 est.
1021 2552 1149 2597 Beata
1168 2551 1255 2597 vita
1281 2550 1515 2613 quaerenda

196 2634 207 2657 ¹
229 2633 326 2667 Eccli.
343 2645 438 2668 xxiii.
452 2635 539 2668 6,-
554 2633 568 2656 ²
582 2633 663 2667 Psal.
684 2646 780 2675 mm,
805 2645 836 2665 2.

310 2704 452 2735 cxtv1.
1331 2688 1382 2732 31
