1902 3268
336 270 430 318 338
745 283 781 311 s,
825 280 1064 313 Aueusrmi
1098 279 1302 311 muscom

337 439 1263 464 “smfflwsmssstsszw—w-mnssmsmassus-2
1271 442 1389 452 νιινιι
1398 441 1431 451 ιι
1440 442 1448 449 =
1459 436 1702 451 mztmnssvtz

822 553 1086 598 EPISTOLA
1120 554 1196 597 CX
1213 555 1224 576 ¹
1235 586 1244 596 .

343 685 518 726 Domino
544 683 771 723 beatissimo
803 690 923 733 atque
953 679 1182 719 dulcissimo
1197 709 1207 729 ⁷
1229 679 1447 720 venerabili
1468 682 1720 734 nimiumque

396 740 650 787 desiderabili
668 745 780 784 fratri
798 754 836 783 et
856 743 1123 782 consacerdoti
1144 741 1317 791 SEVERO,
1333 751 1372 781 et
1391 745 1462 796 qui
1482 752 1613 784 tecum
1629 751 1721 783 sunt

394 806 606 856 fratribus,
626 808 868 846 AuensriNus
890 814 928 843 et
947 806 1017 858 qui
1038 819 1196 844 mecum
1217 813 1310 845 sunt
1328 803 1470 844 fratres
1489 806 1529 843 in
1548 799 1721 844 Domino

395 873 582 910 salutem.

347 986 627 1043 Augustinus
652 984 813 1026 Severo
842 983 1037 1039 episeopo
1070 982 1357 1024 blandissime
1387 981 1667 1038 expostulans
1687 991 1726 1023 et

409 1067 589 1109 querens
618 1067 660 1094 se
690 1052 745 1093 ab
777 1051 869 1106 ipso
900 1059 1127 1106 tantopere
1159 1050 1391 1092 laudatum
1419 1050 1469 1090 in
1505 1049 1728 1106 superiore

407 1120 601 1177 epistola.
753 1111 758 1115 ’

417 1258 452 1304 Ι.
481 1260 703 1302 EPISTOLA
725 1270 819 1299 mea
842 1289 852 1307 ‚
878 1268 1011 1316 quam
1037 1253 1233 1316 pervexit
1250 1252 1532 1300 charissimus
1554 1255 1670 1301 filius
1692 1266 1735 1302 et

353 1327 651 1375 condiaconus
680 1335 822 1371 noster
844 1324 1106 1369 Timotheus
1126 1356 1137 1380 ,
1159 1328 1251 1385 jam
1272 1335 1425 1388 parata
1442 1336 1534 1371 erat
1556 1325 1734 1389 profec—

353 1412 472 1456 turo,
498 1397 677 1463 quando
701 1396 780 1443 filii
801 1396 937 1442 nostri
967 1395 1306 1453 Quodvultdeus
1327 1407 1368 1442 et
1388 1397 1660 1444 Gaudentitls
1681 1397 1737 1444 ad

354 1489 432 1519 nos
451 1478 661 1517 venerunt
676 1485 776 1514 cum
801 1466 953 1512 litteris
978 1467 1077 1513 tuis.
1111 1467 1219 1513 Inde
1254 1467 1420 1514 factum
1442 1480 1503 1514 est
1525 1480 1572 1515 ut
1590 1469 1737 1515 conti-

355 1559 444 1589 nuo
461 1539 744 1605 proficiscens
760 1574 771 1594 ‚
795 1555 884 1584 non
902 1537 1071 1583 afferret
1094 1538 1419 1602 responsionem
1446 1555 1605 1596 meam,
1622 1556 1739 1603 quo—

356 1615 476 1659 niam
512 1620 613 1674 post
648 1609 826 1654 illorum
869 1607 1104 1655 adventum
1130 1609 1586 1673 quantulumcumque
1620 1609 1742 1674 apud

359 1700 438 1730 nos
456 1683 715 1728 immoratus
734 1689 795 1724 est
813 1715 824 1733 ‚
847 1689 888 1724 et
909 1678 1188 1742 profecturus
1210 1697 1288 1744 per
1311 1680 1440 1726 horas
1461 1680 1652 1741 singulas
1671 1681 1742 1728 vi·—

362 1754 565 1800 debatur.
592 1750 678 1796 Sed
703 1750 780 1796 etsi
803 1768 883 1814 per
902 1767 1002 1796 eum
1022 1751 1338 1815 respondissem
1356 1789 1367 1808 ,
1396 1750 1543 1797 adhuc
1570 1751 1744 1798 debitor

363 1824 516 1871 forem.
558 1822 671 1867 Nam
710 1831 751 1867 et
789 1838 908 1867 nunc
941 1822 1060 1886 quod
1094 1821 1247 1868 videor
1276 1822 1547 1885 respondisse
1574 1822 1747 1869 debitor

367 1911 461 1941 sum
486 1910 576 1939 non
600 1891 700 1937 dico
727 1892 957 1937 charitatis
978 1928 988 1948 ‚
1029 1909 1160 1956 quam
1192 1903 1313 1939 tanto
1345 1893 1480 1953 magis
1506 1893 1715 1939 debemus
1732 1929 1742 1940 .

369 1975 534 2029 quanto
560 1962 747 2025 amplius
769 1962 1111 2024 impenderimus
1128 1999 1138 2018 ‚
1162 1967 1287 2022 cujus
1308 1980 1385 2008 nos
1419 1975 1650 2026 perpetuos
1669 1963 1749 2009 de—

370 2037 536 2081 bitores
572 2031 761 2079 ostendit
787 2033 1023 2095 Apostolus
1051 2033 1199 2079 dicens
1217 2070 1228 2089 ,
1261 2055 1280 2074 (ι
1302 2035 1473 2079 Nemini
1508 2035 1752 2097 quidquam

376 2129 396 2148 ))
421 2103 630 2159 debeatis5
664 2102 746 2148 nisi
776 2112 825 2147 ut
844 2103 1031 2149 invicem
1053 2103 1298 2164 diligatis23
1319 2126 1340 2147 >J
1364 2104 1439 2150 sed
1464 2103 1600 2168 ipsius
1620 2105 1753 2168 Epis-

377 2177 478 2222 tolae
502 2186 616 2221 tuae:
645 2172 823 2236 quando
846 2174 959 2220 enim
990 2174 1202 2220 sufficiam
1230 2185 1318 2221 tuae
1338 2175 1567 2231 suavitati,
1594 2184 1756 2220 tantae-

379 2263 463 2311 que
489 2244 686 2292 aviditati
712 2243 845 2289 animi
865 2244 945 2300 tui,
963 2261 1097 2307 quam
1115 2244 1226 2290 mihi
1252 2244 1364 2291 lecta
1388 2244 1631 2292 nuntiavit?
1647 2245 1756 2291 Rem

377 2316 557 2381 quidem
585 2314 697 2360 mihi
720 2314 765 2359 in
802 2325 841 2359 te
870 2315 1139 2360 notissimam
1163 2314 1428 2371 insinuavit;
1459 2326 1759 2361 verumtamen

378 2388 456 2434 etsi
476 2404 561 2432 non
581 2385 694 2431 mihi
712 2385 772 2431 rei
796 2403 922 2433 novae
939 2386 1216 2444 insinuatrix,
1235 2403 1349 2435 nova
1370 2397 1512 2433 tamen
1529 2387 1760 2451 rescripto-

380 2476 478 2505 rum
502 2456 686 2504 exactrix
710 2455 808 2503 fuit.

426 2554 435 2579 ¹
455 2555 542 2588 Alias
560 2561 681 2588 cxxxv.
697 2563 766 2596 qum
784 2556 888 2586 autem
908 2565 918 2585 x
934 2562 970 2586 (ο
984 2560 1065 2598 erat,
1083 2560 1168 2588 nunc
1187 2556 1312 2588 213³*-
1326 2554 1446 2598 Scripta
1466 2552 1535 2597 post
1548 2551 1760 2597 supet-iorem.

376 2631 422 2637 —
441 2610 455 2633 2
475 2614 570 2642 Rom.
590 2610 715 2647 x111,8.
