1902 3268
618 334 827 365 Eris'rom
864 335 1080 366 cxxxviii.
1448 318 1540 364 523

163 411 373 459 divinitus
389 413 730 478 impartitarum,
756 411 819 458 vel
848 409 1088 457 imbuendo
1113 410 1350 458 virtutibus
1374 410 1538 464 animo,

164 481 229 529 vel
250 491 422 529 aeternae
452 483 582 529 salnti
605 481 918 546 adipiscendae,
936 481 1140 544 quaedam
1158 481 1276 541 signa
1291 491 1417 536 sunt,
1434 492 1542 543 quo·-

163 560 260 599 r'um
288 552 580 600 'celebratione
604 563 734 617 atque
769 551 991 598 functione
1009 588 1020 608 ,
1060 569 1149 598 non
1183 553 1292 606 Deo,
1315 549 1387 598 sed
1418 549 1544 596 nobis

165 624 290 670 utilia
305 624 478 688 pietatis
498 624 639 670 officia
653 633 915 670 exercentur.

230 695 330 742 Vll.
364 696 503 742 Nimis
524 707 665 742 autem
693 695 873 755 longum
894 704 972 752 est,
1003 694 1308 740 convenienter
1324 692 1546 755 disputare

167 764 221 811 de
243 765 452 812 varietate
471 767 712 826 signorum,
732 782 831 828 quae
848 781 947 810 cum
964 764 1018 810 ad
1035 781 1098 810 res
1119 763 1289 809 divinas
1309 762 1545 826 pertinent,-

167 836 446 882 Sacramenta
466 836 757 900 appellantur.
787 835 911 880 Sicut
933 845 1076 880 autem
1097 850 1182 879 non
1200 833 1296 879 ideo
1322 831 1547 878 mutabilis

165 906 300 952 homo
322 907 425 969 quia
441 917 567 952 mane
591 905 726 961 aliud,
751 904 869 951 aliud
888 921 1085 968 vespere3
1127 903 1237 949 illud
1256 903 1346 948 hoc
1372 917 1543 958 mense,-

160 975 279 1034 ‘illud
296 976 404 1031 alio;
431 985 519 1022 hon
543 977 628 1022 hoc
643 976 724 1021 isto
740 993 851 1035 anno
872 974 991 1038 quod
1011 974 1112 1020 illo:
1136 974 1199 1020 ita
1223 990 1311 1019 non
1325 972 1422 1018 ideo
1441 988 1540 1018 mu-

170 1046 317 1111 tabilis
335 1047 467 1103 Deus,
490 1046 591 1110 q'uia
617 1046 804 1092 universi
823 1045 971 1092 saeculi
993 1045 1138 1109 priore
1159 1044 1380 1090 volumine
1397 1041 1545 1098 aliud,

171 1116 293 1183 aliud
311 1117 550 1180 posteriore
567 1116 650 1163 sibi
667 1116 795 1177 jussit
821 1116 984 1169 offerri,
1015 1132 1103 1178 quo
1141 1113 1447 1160 convenienter
1472 1112 1553 1172 sig-

170 1186 444 1233 nificat-iones
467 1186 521 1233 ad
545 1186 791 1233 doctrinam
824 1185 1042 1246 religionis
1083 1184 1412 1231 saluberrimam
1448 1199 1552 1246 per-

173 1256 368 1314 tinentes,
392 1274 471 1320 per
495 1256 725 1303 mutabilia
750 1266 948 1319 tempora
972 1255 1061 1301 sine
1086 1253 1175 1300 ulla
1215 1254 1281 1300 sui
1312 1253 1553 1299 mutatione

173 1326 436 1390 disponeret.
481 1327 592 1372 Nam
630 1323 680 1372 ut
713 1327 936 1383 noverint,
961 1341 1070 1389 quos
1107 1324 1207 1370 haec
1238 1332 1437 1379 movent,
1462 1325 1554 1382 jam

177 1395 267 1443 hoc
294 1396 424 1443 fuisse
446 1397 492 1443 in
514 1397 679 1442 ratione
709 1396 872 1450 divina,
904 1412 983 1441 nec
1019 1411 1121 1441 cum
1157 1394 1238 1440 ista
1257 1409 1371 1439 nova
1389 1391 1557 1438 consti*-

174 1477 415 1524 tuer‘en'tur‚
444 1468 591 1514 subito
626 1467 776 1531 priora
803 1465 1076 1530 displicuisse
1093 1464 1212 1510 velut
1242 1462 1443 1509 mutabili
1469 1478 1552 1509 vo-

174 1538 365 1595 luntate,
416 1537 489 1584 sed
511 1538 600 1585 hec
621 1542 713 1599 jam
740 1538 872 1583 fixum
902 1547 944 1582 et
989 1545 1203 1582 statutum
1242 1534 1371 1580 fuisse
1390 1533 1435 1579 in
1458 1532 1555 1596 ipsa

174 1608 389 1673 sapientia
411 1603 507 1666 Dei,
531 1610 604 1656 eui
632 1609 686 1654 de
709 1608 951 1668 majoribus
973 1607 1103 1653 etiam
1128 1622 1274 1651 rerum
1292 1603 1554 1651 mutationi-³

176 1680 278 1736 bus,
300 1679 453 1726 eadem
488 1680 718 1743 Scriptura
742 1679 876 1725 dicit:
909 1695 929 1719 z<
952 1677 1144 1723 Mutabis
1170 1691 1218 1723 ea
1243 1686 1285 1721 et
1310 1675 1558 1721 mutabuna

177 1772 197 1792 »
222 1760 293 1796 tur
315 1767 326 1795 ε
365 1760 414 1796 tu
439 1760 584 1796 autem
604 1750 721 1796 idem
763 1750 856 1813 ipse
874 1766 916 1794 es
936 1748 953 1778 1
979 1761 991 1794 ἰ
1011 1762 1031 1790 »·
1051 1746 1367 1794 insinuandum
1391 1755 1454 1791 est
1478 1745 1554 1801 eis,

176 1820 464 1867 mutationem
498 1821 624 1867 istam
648 1829 1020 1866 sacramentorum
1052 1817 1319 1863 Testamenti
1338 1815 1500 1862 Veteris
1514 1825 1557 1860 et

178 1891 292 1938 Novi
321 1891 453 1937 etiam
491 1891 752 1955 praedictam
785 1890 915 1936 fuisse
950 1888 1219 1953 propheticis
1253 1887 1455 1933 vocibus.
1487 1887 1557 1931 Ita

177 1962 293 2008 enim
313 1962 544 2019 videbunt,
583 1962 615 2008 si
637 1972 863 2026 poterunt,
898 1961 943 2007 id
961 1959 1082 2024 quod
1106 1959 1150 2005 in
1173 1970 1367 2021 tempore
1390 1972 1554 2003 novum

177 2042 256 2089 est,
281 2049 370 2078 non
391 2049 478 2079 esse
492 2049 657 2079 novum
679 2031 798 2096 apud
821 2048 937 2088 eum,
962 2031 1040 2094 qui
1060 2029 1260 2076 condidit
1280 2038 1496 2091 tempora,
1522 2035 1564 2072 et

191 2103 282 2149 sine
307 2112 501 2167 tempore
526 2103 665 2149 habet
687 2102 851 2158 onmia,
883 2118 985 2166 quae
1013 2100 1099 2146 suis
1116 2099 1366 2164 quibusque
1391 2107 1567 2160 temp02

177 2173 303 2220 ribus
341 2190 423 2237 pro
454 2189 607 2219 eorum
656 2174 862 2219 varietate
894 2171 1132 2217 distribuit.
1176 2170 1288 2217 Nam
1335 2178 1377 2213 et
1411 2167 1455 2212 in
1490 2165 1565 2212 illo

179 2242 371 2299 Psalmo,
400 2243 515 2289 unde
534 2243 873 2289 commemoravi
895 2241 1089 2304 aliquid3
1113 2255 1201 2303 quo
1224 2238 1566 2284 demonstrarem

180 2331 269 2360 non
294 2326 414 2374 egere
440 2315 580 2360 Deum
608 2313 833 2359 sacrificiis
867 2311 1026 2358 nostris
1046 2348 1056 2367 ,
1088 2311 1161 2356 cui
1200 2308 1365 2354 dicitur
1390 2325 1400 2352 :
1430 2326 1449 2348 <‹
1471 2305 1571 2352 Dixi

186 2406 207 2427 ))
222 2384 430 2440 Domino,
456 2386 570 2430 Deus
588 2400 709 2430 meus
729 2401 770 2429 es
797 2393 869 2439 tu,-
898 2382 1108 2446 quoniam
1132 2381 1350 2426 bonorum
1369 2392 1567 2423 meorum

184 2477 204 2498 »
222 2472 308 2502 non
340 2471 464 2515 eges:
483 2476 504 2497 »
525 2454 659 2519 paulo
676 2464 774 2517 post
792 2453 949 2514 legitur
962 2469 1008 2497 ex
1027 2468 1211 2516 persona
1227 2448 1415 2495 Christi:
1436 2468 1456 2488 «
1473 2447 1569 2492 Non

184 2549 205 2570 »
228 2527 503 2586 congregabo
520 2525 824 2573 conventicula
847 2541 995 2570 eorum
1007 2523 1061 2569 de
1083 2520 1419 2582 sanguinibus²‚
1438 2539 1458 2560 »
1479 2518 1568 2564 hoc

113 2595 117 2598 '
185 2607 267 2654 est,
289 2613 501 2660 pecorum
520 2596 722 2651 victimis,
746 2595 909 2659 quibus
932 2594 1054 2658 prius
1071 2592 1445 2652 congregabantur
1464 2605 1572 2635 con-

232 2682 240 2703 ¹
266 2676 348 2712 Psal.
368 2691 413 2723 cr,
435 2681 490 2713 28.
507 2699 549 2705 —
568 2679 653 2712 21d.
681 2691 738 2715 xv,
760 2690 791 2712 2.
