1902 3268
656 302 867 334 EP1sr0LA
902 301 981 332 cii.
1442 287 1533 334 263

155 372 432 439 praedicaret,
453 372 527 419 etsi
546 369 868 418 haberetetiam
891 385 991 415 cum
1015 366 1062 417 ea
1086 379 1295 432 potestate
1315 386 1530 415 summam

156 455 296 490 rerum
327 444 666 508 praescienfiam,
703 458 917 504 nusquam
949 451 989 485 et
1018 457 1241 504 nunquam
1277 450 1527 503 appareret,

155 514 235 560 nisi
258 515 333 560 ubi
359 526 401 561 et
424 514 601 580 quando
628 513 711 560 sibi
730 513 927 558 homines
949 511 1190 557 credituros
1213 528 1298 556 esse
1334 527 1532 574 pra-“nos-

156 595 281 632 ceret.
328 585 519 632 Proinde
545 601 645 632 cum
675 584 853 629 Christo
890 599 976 628 non
1013 582 1242 642 objiciant,
1281 580 1395 644 quod
1440 585 1532 641 ejus

155 645 398 703 doctrinam
426 674 513 702 non
543 672 690 702 omnes
722 666 989 719 sequuntur3
1022 654 1209 698 sentiunt
1234 654 1346 698 enim
1386 663 1427 698 et
1450 652 1532 716 ipsi

154 736 427 792 nequaquam
466 727 552 773 hoc
581 737 695 773 reete
720 725 855 785 objici
880 741 1022 788 posse.
1056 723 1123 768 vel
1161 723 1532 787 pbilosophorum

154 799 395 862 sapientiae,
415 799 483 845 vel
501 800 628 845 etiam
652 798 821 844 numini
855 797 1035 842 deorum
1060 812 1264 841 suorum:
1310 795 1417 858 quid
1443 812 1533 840 res-

154 860 432 934 pondebunt,
449 870 484 916 si
501 879 675 933 excepta
694 869 768 914 illa
783 867 1013 913 altitudine
1038 867 1261 930 sapientiae
1279 876 1320 912 et
1342 866 1532 911 scientiae

155 939 253 997 Dei,
291 941 369 987 ubi
389 939 576 988 fortassis
599 938 717 985 aliud
742 938 941 984 divinum
980 938 1209 983 consilium
1235 937 1363 997 longe
1388 954 1528 983 secre-

155 1009 240 1056 'tius
257 1007 375 1065 latet,
402 1010 494 1056 sine
512 1008 774 1074 praejudicio
798 1008 928 1054 etiam
952 1008 1131 1054 aliarum
1152 1008 1262 1055 forte
1281 1025 1528 1062 causarum,

154 1087 254 1146 qua}
295 1100 317 1127 a
342 1081 632 1146 prudentibus
664 1080 912 1141 investigari
950 1091 1134 1144 queunt‚
1168 1080 1254 1126 hoc
1296 1079 1435 1126 solum
1474 1080 1533 1126 eis

153 1151 380 1199 brevitatis
402 1153 557 1214 gratia,
581 1153 625 1199 in
648 1153 781 1212 hujus
815 1152 1065 1216 quaestionis
1088 1151 1383 1215 disputatione
1407 1150 1533 1197 dica-

155 1239 269 1280 mus,
295 1234 397 1270 tunc
423 1222 606 1270 voluisse
633 1223 891 1269 hominibus
914 1239 1124 1286 apparere
1148 1222 1372 1268 Christum
1408 1222 1530 1286 (llo),

153 1304 195 1340 et
213 1291 332 1358 apud
355 1312 424 1341 eos
439 1292 673 1359 praedicari
693 1294 935 1340 doctrinam
960 1310 1100 1349 suam,
1137 1293 1314 1357 quando
1339 1293 1527 1350 sciebat,

153 1373 195 1411 et
214 1365 292 1411 u'bi
307 1365 489 1420 sciebat,
505 1380 591 1411 esse
604 1365 681 1430 qui
698 1366 743 1411 in
760 1381 857 1411 eum
877 1364 1296 1411 fuerantcredituriP
1318 1364 1395 1410 His
1416 1364 1533 1410 enim

155 1435 428 1500 temporibus
451 1446 492 1482 ct
513 1436 582 1498 his
602 1435 725 1491 locis,
768 1436 930 1499 quibus
953 1435 1233 1495 Evangelium
1254 1439 1345 1496 ejus
1368 1452 1456 1480 non
1472 1445 1534 1481 est

153 1503 466 1572 praedicatum,
483 1500 586 1553 tales
605 1525 752 1553 omnes
768 1507 811 1552 in
829 1511 919 1567 ejus
937 1507 1247 1570 praedicatione
1269 1506 1437 1553 futuros
1450 1524 1536 1553 esse

153 1578 430 1658 {iraesci'e'bab
457 1578 604 1643 quales
625 1596 709 1624 non
734 1577 912 1643 quidem
936 1596 1107 1633 omncs‚
1136 1577 1208 1625 sed
1238 1590 1379 1643 tarmen
1407 1577 1539 1624 multi

154 1656 198 1713 1'n
221 1652 314 1709 ejus
338 1649 556 1714 corporali
575 1650 802 1713 praesentia
826 1649 1019 1703 fuerunt,
1052 1650 1127 1713 qui
1152 1650 1196 1696 in
1219 1667 1316 1696 eum
1344 1667 1423 1696 nec
1446 1651 1535 1695 sus-

155 1720 297 1766 eitatis
318 1719 376 1778 ab
404 1737 453 1765 eo
498 1719 678 1766 mortuis
702 1719 876 1765 credere
915 1720 1147 1766 voluerunt
1172 1738 1183 1765 :
1216 1718 1367 1785 quales
1399 1721 1536 1767 etium

155 1796 274 1836 nunc
292 1786 452 1836 multos
472 1790 687 1846 videmus,
723 1807 823 1836 cum
852 1800 969 1836 tanta
1005 1789 1351 1837 manifestatione
1387 1791 1439 1837 de
1459 1790 1534 1837 illo

155 1861 461 1926 compleantur
499 1863 720 1925 praeconia
756 1863 1099 1925 Prophetarum‚
1122 1863 1237 1909 nolle
1255 1862 1401 1908 adhuc
1438 1880 1536 1908 cre-

155 1932 272 1987 dere,
299 1943 341 1977 et
358 1932 484 1977 malle
507 1933 701 1978 humana
724 1933 879 1977 astutia
904 1933 1094 1979 resistere
1110 1971 1119 1985 ,
1146 1951 1276 1997 quam
1296 1943 1380 1979 tam
1406 1934 1536 1979 clarae

155 2013 285 2067 atque
307 2004 552 2067 perspicuae
572 2013 750 2067 tamque
770 2003 949 2049 sublimi
976 2014 1016 2050 et
1038 2004 1284 2050 sublimiter
1298 2004 1534 2050 diffamatae

155 2073 317 2120 divinae
349 2073 500 2120 cedere
538 2075 800 2122 auctoritati.
839 2075 1048 2132 Quamdiu
1075 2093 1237 2139 parvus
1259 2087 1301 2122 et
1339 2076 1538 2122 infirmus

155 2143 484 2190 essintellectus
494 2143 703 2199 hominis,
728 2144 889 2191 divinae
908 2145 1038 2191 debet
1050 2146 1200 2192 cedere
1211 2147 1396 2193 veritati.
1417 2146 1540 2203 Quid

156 2231 257 2276 ergo
288 2214 447 2260 mirum
478 2215 513 2260 si
536 2225 624 2260 tam
648 2215 900 2262 infidelibus
933 2216 1114 2280 plenum
1140 2218 1291 2263 orbem
1326 2229 1538 2264 terrarum

161 2285 363 2331 Christus
382 2285 607 2349 prioribus
647 2285 816 2332 saeculis
856 2298 1050 2341 noverat,
1071 2298 1119 2334 ut
1140 2288 1198 2333 eis
1222 2307 1448 2352 apparere,
1469 2289 1538 2336 vel

158 2355 393 2420 praedicari
406 2355 558 2402 merito
571 2356 720 2412 nollet,
739 2373 849 2420 quos
859 2374 938 2403 nec
956 2359 1114 2416 verbis,
1128 2375 1206 2404 nec
1218 2359 1438 2406 miraculis
1451 2362 1538 2408 suis

159 2426 401 2490 credituros
419 2443 504 2472 esse
520 2426 812 2491 praesciebat?
830 2429 978 2492 Neque
997 2429 1110 2474 enim
1126 2429 1383 2478 incredibile
1402 2443 1464 2477 est
1477 2443 1537 2478 ta-

155 2498 217 2558 les
238 2497 368 2545 fuisse
390 2508 498 2545 tunc
535 2515 683 2545 omnes
700 2535 711 2555 ‚
739 2498 885 2562 quales
906 2500 963 2546 ab
995 2503 1086 2561 ejus
1107 2500 1297 2549 adventu
1321 2519 1458 2568 usque
1482 2503 1538 2550 ad

155 2567 243 2617 hoc
260 2575 431 2633 tempus
458 2579 546 2615 tam
559 2569 718 2616 multos
738 2569 867 2631 {uisse
886 2580 929 2617 et
944 2587 1031 2617 esse
1045 2571 1270 2619 miramur.

218 2640 314 2688 XV.
345 2641 402 2686 Et
423 2650 567 2687 tamen
600 2640 657 2688 ab
686 2640 809 2687 initio
834 2641 998 2701 generis
1022 2642 1230 2699 humani,
1253 2643 1355 2690 alias
1379 2640 1534 2691 occul-
