1902 3268
617 323 826 355 }:Plsrom
861 325 1077 357 cxxxvm.
1445 311 1530 356 521

168 406 282 445 tatur
297 396 587 456 agriculturae.
612 396 665 440 Et
681 411 781 441 eum
797 412 921 442 mane
939 396 1092 456 surgit,
1111 396 1188 459 qui
1206 406 1332 442 nocte
1349 397 1536 459 quiesce-

167 468 262 524 bat,
290 467 390 514 vitae
412 466 639 513 consilium
657 484 744 512 non
771 468 967 515 mutavit.
997 468 1124 514 Aliud
1146 468 1345 528 magister
1364 467 1532 514 adoles-

168 539 424 602 centiquam
442 555 580 602 puero
597 537 744 595 soleat,
767 537 985 602 imposuit.
1014 540 1223 585 Doctrina
1245 540 1377 600 igitur
1400 556 1533 586 cons-

171 619 280 665 tans,
294 620 461 656 mutato
477 620 699 673 praeeepto
717 626 802 655 non
816 620 978 655 mutata
996 610 1532 658 mutavitinstructionem.

237 681 320 727 ΙΙΙ.
351 681 462 726 Nam
492 697 671 740 magnus
694 679 764 726 ille
801 691 1045 727 nostrorum
1075 692 1321 745 temporum
1350 682 1543 728 medicus

171 749 474 806 vindicianus,
517 750 738 796 consultus
771 769 791 796 a
811 751 999 813 quodam
1020 788 1029 805 ‚
1057 751 1197 797 dolori
1222 756 1314 812 ejus
1341 752 1542 798 adhiberi

168 820 296 881 Jussit
321 819 442 884 quod
471 820 724 883 intempore
746 837 981 880 congruere
999 821 1260 876 videbatur3
1289 822 1543 869 adhibitum

173 890 331 937 sanitas
352 901 584 937 consecuta
621 901 695 937 est.
732 891 899 936 Deinde
917 902 1015 955 post
1036 910 1169 939 annos
1194 893 1359 958 aliquot
1396 893 1545 939 eadem

174 977 322 1008 rursus
354 962 550 1024 eorporis
582 977 711 1006 eausa
747 977 983 1016 commota,
1020 962 1108 1009 hoe
1137 963 1252 1009 idem
1276 963 1347 1009 ille
1374 963 1547 1027 putavit

176 1030 501 1094 adhibendun13
527 1031 778 1077 adhibitum
817 1033 944 1078 vertit
966 1032 1011 1078 in
1032 1037 1170 1095 pejus,
1200 1035 1379 1080 Miratus
1398 1050 1550 1079 recur-

175 1100 233 1146 rit
251 1099 307 1147 ad
326 1100 562 1155 medicum,
579 1100 743 1146 indicat
758 1102 922 1148 facmm
943 1103 1096 1149 :atille
1120 1114 1272 1149 uterat
1296 1104 1546 1160 acerrimus,

177 1171 237 1216 ita
269 1170 526 1234 respondit:
555 1192 574 1212 ε(
602 1170 705 1217 Ideo
726 1171 835 1217 male
871 1184 1076 1236 acceptus
1096 1191 1155 1227 es,
1201 1175 1303 1237 quia
1347 1190 1424 1234 ego
1464 1190 1552 1219 non

172 1240 281 1300 jussi
304 1258 315 1286 ε
332 1252 412 1286 »ut
429 1258 576 1287 omnes
594 1242 669 1305 qui
688 1241 923 1297 audissent,
942 1260 1189 1307 parumque
1213 1244 1437 1290 hominem
1456 1260 1555 1289 nos-

179 1321 289 1366 sent,
313 1328 401 1357 non
416 1328 513 1358 eum
533 1322 621 1358 arte
632 1312 879 1358 medicinali
891 1314 1040 1371 fidere,
1056 1315 1126 1361 sed
1141 1316 1282 1362 nescio
1304 1332 1390 1379 qua
1402 1314 1554 1361 illicita

179 1384 376 1446 potentia
396 1392 613 1445 putarent.
651 1382 776 1428 Unde
805 1400 904 1428 eum
941 1395 1045 1429 esset
1073 1403 1094 1430 a
1118 1386 1383 1448 quibusdam
1410 1396 1559 1449 postea

181 1453 459 1517 stupentibus
474 1452 781 1512 interrogatus,
809 1454 979 1516 aperuit
999 1455 1118 1517 quod
1138 1473 1226 1501 non
1251 1456 1560 1511 intellexerant,

182 1523 384 1572 videlicet
407 1522 472 1568 illi
492 1523 610 1568 aetati
625 1525 718 1582 jam
743 1540 833 1568 non
850 1523 938 1570 hoe
962 1542 1004 1571 se
1025 1524 1154 1571 fuisse
1172 1529 1412 1586 jussurum.
1433 1528 1555 1571 Tan-

185 1604 277 1640 tum
300 1593 432 1654 igitur
455 1593 569 1640 valet
592 1593 757 1638 ratione
780 1604 909 1657 atque
936 1595 1103 1641 artibus
1122 1614 1209 1642 non
1225 1598 1419 1653 mutatis,
1450 1596 1558 1659 quid

184 1663 428 1711 secundum
451 1680 519 1709 eas
539 1663 593 1709 sit
613 1680 692 1727 pro
714 1674 958 1727 temporum
979 1666 1186 1713 varietate
1208 1667 1486 1714 mutandum.

251 1735 325 1782 IV.
358 1735 456 1780 Non
489 1734 636 1797 itaque
661 1751 810 1781 verum
849 1746 910 1781 est
932 1736 1054 1799 quod
1073 1736 1251 1794 dicitur,
1279 1738 1421 1784 Semel
1447 1748 1562 1784 recte

185 1804 371 1861 factum,
399 1804 644 1850 nullatenus
663 1822 748 1850 esse
774 1806 1048 1854 mutandum.
1076 1809 1243 1854 Mutata
1260 1809 1428 1873 quippe
1447 1820 1562 1855 tem-

187 1876 306 1940 poris
339 1892 467 1921 causa
501 1875 620 1939 quod
647 1886 757 1921 recte
795 1887 891 1922 ante
930 1877 1097 1923 factum
1135 1878 1294 1934 fuerat,
1322 1880 1381 1926 ita
1403 1879 1562 1926 mutari

188 1963 288 1995 vera
327 1947 437 1992 ratio
472 1948 730 2011 plerumque
767 1947 948 2007 flagitat,
976 1960 1024 1994 ut
1056 1966 1156 1995 eum
1181 1950 1265 2013 ipsi
1283 1951 1432 1997 dicant
1453 1961 1566 1997 recte

189 2037 278 2068 non
297 2019 388 2064 fieri
405 2018 439 2064 si
461 2028 670 2074 mutetur,
693 2029 844 2063 eontra
864 2019 1019 2064 veritas
1042 2019 1216 2077 elamet,
1240 2032 1353 2067 recte
1371 2040 1459 2068 non
1475 2021 1566 2068 fieri

190 2090 271 2136 nisi
291 2098 483 2134 mutetur
510 2105 520 2133 ε
541 2088 646 2151 quia
665 2099 900 2152 utrumque
915 2099 1018 2135 tunc
1029 2090 1111 2135 erit
1133 2102 1319 2146 rectum,
1340 2093 1372 2139 si
1390 2093 1470 2139 erit
1485 2110 1567 2157 pro

193 2172 440 2224 temporum
461 2159 663 2205 varietate
694 2159 927 2206 diversum.
961 2161 1092 2216 Quod
1117 2162 1294 2207 enimin
1319 2162 1565 2210 diversitate

194 2246 474 2296 personarum
503 2245 589 2274 uno
608 2240 803 2292 tempore
838 2229 1033 2275 accidere
1064 2241 1223 2293 potest,
1244 2243 1292 2278 ut
1312 2232 1416 2278 huie
1441 2233 1568 2280 liceat

197 2300 362 2366 aliquid
380 2301 560 2363 impune
575 2300 729 2355 facere,
752 2299 977 2346 nonliceat
1000 2300 1085 2354 illi;
1105 2318 1191 2346 non
1212 2302 1331 2365 quod
1349 2302 1568 2350 dissimilis

196 2390 261 2420 res
277 2373 348 2427 sit,
384 2370 457 2417 sed
489 2369 610 2434 quod
636 2371 670 2416 is
691 2371 767 2434 qui
792 2370 896 2416 facit
916 2388 926 2415 :
955 2370 1013 2415 ita
1033 2372 1087 2416 ab
1111 2389 1196 2418 una
1214 2372 1450 2437 eademque
1468 2391 1571 2438 per-

196 2461 301 2491 sona
314 2441 492 2490 diversis
515 2442 804 2505 temporibus,
831 2453 936 2487 tunc
954 2452 1125 2504 oportet
1141 2442 1307 2507 aliquid
1332 2445 1443 2500 fieri,
1468 2456 1574 2492 tune

197 2532 287 2562 non
325 2523 524 2577 oportet3
551 2529 638 2558 non
674 2511 793 2575 quod
821 2512 885 2558 sui
909 2511 1125 2559 dissimilis
1164 2514 1217 2559 sit
1254 2514 1330 2578 qui
1352 2514 1473 2570 facit,
1501 2516 1574 2562 sed

201 2583 379 2650 quando
399 2582 517 2629 facit.

267 2654 320 2700 V.
346 2654 454 2700 Haec
467 2652 650 2717 quaestio
668 2668 799 2715 quam
818 2652 902 2701 late
919 2665 1081 2718 pateat,
1099 2654 1295 2719 profecto
1310 2654 1444 2711 videt,
1463 2656 1578 2718 quis-
