1902 3268
616 269 828 300 EPISTOLA
865 268 995 300 xcttt.
1403 269 1494 321 209

123 336 182 382 ris
208 333 598 398 multiplicantibus
617 332 763 380 foenus
797 333 1042 393 augebant,
1080 350 1166 379 non
1198 346 1288 381 erat
1324 352 1499 394 eorum,

125 404 199 452 sed
227 405 406 452 Christi.
440 404 615 468 litquia
639 404 806 450 Christi
828 415 940 459 erat,
968 404 1065 450 idco
1085 406 1286 469 quamvis
1311 423 1397 452 non
1424 425 1500 470 per

124 475 312 539 aequales
347 474 523 521 daretur
551 475 638 531 eis,
678 485 820 521 tamen
854 476 1015 539 quibus
1053 475 1242 523 dabatur
1275 478 1500 542 aequaliter

122 545 344 610 proderat.
370 547 480 592 Nam
499 546 532 592 si
551 556 670 592 tanto
688 545 839 592 melius
853 547 1038 611 quisque
1051 547 1318 611 baptizatur,
1335 559 1502 612 quanto

123 634 147 663 a
170 615 345 662 meliore
366 616 497 663 fuerit
526 617 774 680 baptizatus
790 654 801 670 ,
826 634 914 663 non
940 628 1055 663 recte
1075 618 1231 678 gratias
1251 619 1337 678 agit
1357 622 1501 683 Apos-

122 686 261 743 tolus,
288 687 409 750 quod
441 687 655 734 neminem
696 688 1029 734 Corinthiorum
1066 688 1380 751 baptizaverit,
1421 691 1503 737 nisi

124 757 329 820 Crispum
352 768 395 803 et
416 758 576 804 Gaium
604 769 645 804 et
678 759 915 821 Stephanae
955 758 1181 806 domum1.
1216 760 1359 805 Tanto
1390 760 1505 806 enim

122 827 275 874 melius
307 828 657 891 baptizarentur,
680 839 847 891 quanto
877 840 968 875 erat
989 828 1152 875 Paulus
1184 829 1353 886 melior,
1379 830 1413 876 si
1447 831 1505 876 ab

120 898 217 963 ipso
245 899 587 964 baptizarentur.
618 899 816 963 Denique
840 917 940 946 cum
961 900 1071 946 dicit
1093 917 1104 946 ε
1132 922 1153 942 «
1174 901 1265 961 Ego
1281 902 1498 965 plantavi,

123 989 144 1010 »
172 969 327 1032 Apollo
357 970 557 1030 rigavit2,
582 991 602 1011 »
626 968 800 1015 videtur
829 971 1070 1030 significare
1104 988 1146 1017 sc
1169 971 1504 1032 evangelizasse,

120 1038 244 1085 illum
270 1040 524 1104 baptizasse.
559 1039 786 1103 Numquid
810 1040 964 1087 melior
990 1040 1150 1105 Apollo
1167 1078 1179 1098 ,
1212 1059 1344 1105 quam
1366 1046 1504 1088 Joan-

120 1112 227 1155 nes?
253 1110 344 1156 Cur
363 1127 464 1170 ergo
483 1121 582 1174 post
607 1111 737 1156 istum
759 1127 848 1156 non
869 1111 1137 1175 baptizavit,
1158 1112 1236 1175 qui
1250 1122 1353 1175 post
1371 1113 1504 1159 Joan-

119 1197 219 1227 nem
245 1180 561 1244 baptizaverat,
596 1181 678 1226 nisi
703 1182 806 1243 quia
841 1181 920 1227 iste
943 1182 1188 1245 baptismus
1204 1219 1216 1238 ,
1244 1199 1323 1245 per
1344 1199 1503 1246 quem-

120 1250 229 1297 libet
245 1250 371 1297 datus
387 1288 398 1307 ‚
421 1251 587 1296 Christi
607 1261 697 1296 erat
713 1268 723 1295 :
741 1251 812 1297 ille
834 1262 975 1297 autem
998 1270 1075 1315 per
1094 1252 1334 1316 quemlibet
1352 1253 1497 1311 datus,

121 1323 318 1386 quamvis
342 1321 519 1367 Christo
542 1324 656 1368 viam
684 1333 982 1384 prchararet,
1013 1333 1155 1368 tamen
1180 1323 1356 1369 Joannis
1377 1328 1502 1370 erati)

183 1393 388 1440 XLVIII.
407 1391 626 1438 Invidiose
648 1391 736 1436 dici
766 1392 966 1449 videtur,
986 1394 1091 1438 Post
1109 1392 1322 1438 Joanncrn
1345 1393 1500 1456 bapti-

114 1474 261 1510 zatum
287 1473 350 1510 est
372 1500 383 1520 ,
411 1472 571 1526 etpost
596 1461 826 1507 haereticos
846 1479 932 1507 non
956 1463 1208 1526 baptizatur
1230 1480 1240 1507 :
1269 1462 1343 1508 sed
1363 1474 1503 1526 potest

113 1546 156 1581 et
177 1535 264 1581 hoc
287 1534 498 1581 invidiose
519 1532 634 1589 dici,
672 1536 775 1578 Post
792 1535 1003 1579 Joannem
1031 1534 1308 1598 baptizatum
1340 1546 1402 1580 est
1424 1572 1435 1591 ‚
1462 1547 1505 1583 et

113 1617 214 1670 post
247 1605 441 1652 ebriosos
480 1621 569 1650 non
605 1604 871 1667 baptizatur.
904 1604 1063 1650 Melius
1083 1605 1198 1650 enim
1230 1605 1316 1652 hoc
1345 1606 1504 1654 vitium

114 1693 408 1723 commemoro
428 1713 439 1733 ,
463 1674 583 1740 quod
604 1691 684 1720 nec
710 1674 930 1720 occultare
956 1685 1139 1737 possunt
1164 1676 1210 1721 in
1230 1676 1394 1739 quibus
1414 1694 1505 1738 reg·

113 1757 190 1793 nat
211 1768 221 1802 3
244 1757 286 1793 ct
309 1763 443 1810 quam
468 1745 596 1791 multi
615 1745 780 1807 ubique
801 1745 903 1801 sint,
927 1745 1025 1808 quis
1045 1745 1114 1792 vel
1137 1762 1281 1792 caecus
1298 1747 1505 1807 ignorat?

114 1818 171 1864 Et
190 1828 331 1863 tamen
359 1818 471 1863 inter
489 1832 621 1880 opera
639 1815 799 1871 carnis,
823 1831 924 1878 quae
948 1816 1026 1877 qui
1049 1826 1198 1875 agunt,
1220 1833 1402 1876 regnum
1427 1818 1503 1864 Dei

114 1905 200 1934 non
227 1887 515 1952 possidebunt
540 1923 550 1943 ,
581 1885 710 1930 ctiam
733 1884 819 1930 hoc
838 1885 965 1947 ponit
981 1885 1244 1948 Apostolus3
1273 1886 1351 1932 ubi
1373 1887 1502 1934 etiam

112 1958 296 2005 haereses
321 1967 544 2004 enumerat
567 1974 577 2002 :
602 1977 621 1997 α
641 1955 870 2001 Manifesta
890 1965 1051 2011 autem,
1071 1956 1231 2020 inquit,
1253 1968 1355 2003 sunt
1371 1974 1505 2022 opera

113 2032 315 2079 ›>carnis.
341 2046 442 2094 quae
467 2038 567 2074 sunt
591 2026 901 2073 fornicationes
920 2063 931 2083 ,
962 2027 1275 2084 immunditiae,
1296 2028 1465 2076 luxuria
1490 2067 1502 2087 ,

114 2102 372 2149 »idolorum
397 2100 597 2155 servitUS,
616 2099 844 2153 veneficia,
871 2098 1134 2155 inimicitiae,
1171 2101 1473 2147 contentiones
1490 2139 1502 2159 ‚

112 2194 135 2216 ›>
150 2173 446 2227 emulationes,
474 2169 762 2216 animositates
776 2205 787 2224 ,
808 2168 1091 2214 dissensiones
1109 2206 1120 2224 ‚
1150 2168 1334 2216 haereses
1353 2208 1366 2227 ,
1384 2173 1501 2219 invi-

114 2264 136 2286 »
152 2243 513 2299 tliae,ebrietates,
546 2238 899 2294 comessationes,
928 2249 968 2284 <t
991 2238 1059 2284 his
1079 2238 1252 2297 similia,
1277 2258 1377 2304 quae
1395 2259 1507 2305 prae-

113 2336 134 2356 ›>
151 2314 250 2360 dico
265 2312 408 2367 vobis,
429 2312 541 2357 sicut
563 2309 764 2374 praedixi,
785 2310 993 2373 quoniam
1018 2309 1093 2372 qui
1111 2309 1209 2355 talia
1224 2322 1376 2371 agunt,
1396 2329 1498 2373 reg-

112 2407 133 2427 »
147 2401 252 2430 num
276 2383 358 2429 Dei
378 2399 465 2428 non
484 2379 961 2444 possidebuntss.»11ac
979 2395 1079 2438 ergo
1096 2379 1262 2425 ratione
1276 2417 1287 2437 ,
1300 2383 1502 2445 quamvis

110 2455 385 2518 baptizatum
406 2453 461 2498 sit
482 2462 581 2516 post
601 2455 833 2506 Joannem,
858 2467 945 2495 non
962 2449 1215 2513 baptizatur
1234 2463 1334 2514 post
1356 2452 1495 2499 haere-

112 2525 268 2581 ticum,
282 2541 367 2590 qua
379 2524 547 2570 ratione
565 2522 764 2585 quamvis
781 2521 1055 2583 baptizatum
1076 2521 1132 2566 sit
1149 2531 1248 2584 post
1265 2525 1495 2579 Joannem,

161 2609 170 2630 ¹
189 2620 204 2640 ι
220 2609 297 2642 Cor.
324 2619 352 2643 x,
374 2614 424 2643 14.
441 2623 487 2629 -
502 2604 656 2642 '²1d.111‚
670 2604 706 2637 6.
721 2622 765 2626 —
781 2600 794 2625 3
808 2603 1038 2642 Galat.v,19.

274 2677 417 2707 extvt.
1317 2662 1369 2715 ¹4
