1902 3268
378 308 473 362 454
791 320 824 349 s.
869 318 1112 350 Atticusrmi
1149 318 1350 350 EPISCOPI

375 404 462 434 non
488 387 628 434 solum
656 403 744 432 non
778 384 1072 439 hortaremur,
1101 385 1383 435 verumetiam
1419 384 1755 448 prohiberemus

378 458 578 522 implere,
617 457 650 503 si
674 456 784 503 forte
806 465 879 499 tua
901 458 1077 513 conjux,
1103 453 1190 500 hoe
1211 465 1355 501 tecum
1384 456 1599 520 suscipere
1625 457 1758 505 animi

375 546 449 576 seu
490 528 631 575 carnis
656 525 910 573 infirmitate
935 535 1165 572 recusaret.
1197 525 1309 572 Nam
1343 536 1384 572 et
1421 526 1617 577 vovenda
1650 527 1756 576 talia

373 617 463 646 non
489 610 592 646 sunt
618 615 640 643 a
665 596 925 657 conjugatis,
953 596 1099 642 nisiex
1123 613 1333 643 consensu
1347 607 1389 643 et
1408 597 1629 646 voluntate
1641 616 1760 646 com-

370 670 508 717 muni.
527 670 583 716 Et
594 669 628 715 si
642 684 924 732 praepropere
938 666 1105 713 factum
1119 666 1263 722 fuerit,
1276 667 1410 728 magis
1429 677 1492 714 est
1506 669 1761 729 corrigenda

370 740 587 787 temeritas
612 755 745 803 quam
763 736 1049 801 persolvenda
1067 737 1314 801 promissio.
1339 739 1489 802 Neque
1512 739 1627 786 enim
1646 740 1763 789 Deus

372 810 518 871 exigit,
546 809 689 873 siquis
711 825 759 854 ex
778 808 916 854 alieno
947 807 1115 871 aliquid
1134 807 1339 864 volverit,
1368 807 1441 854 sed
1460 809 1606 872 potius
1630 826 1760 858 usur-

373 897 478 945 pare
498 890 613 926 vetat
631 879 834 926 alienum.
860 878 1024 924 Divina
1044 879 1211 942 quippe
1234 877 1287 924 de
1307 878 1392 925 hac
1409 895 1454 932 re
1467 896 1545 942 per
1571 881 1760 943 Aposto-

378 950 470 996 lum
494 960 557 995 est
594 948 771 1012 prolata
795 948 1033 1002 sententia3
1060 970 1079 990 «
1100 949 1218 994 Uxor
1241 966 1329 995 non
1347 948 1484 995 habet
1501 960 1761 1013 potestatem

372 1043 393 1064 »
418 1021 614 1083 corporis
640 1020 722 1073 sui,
748 1018 820 1064 sed
839 1020 905 1066 vir
928 1037 938 1064 ε
968 1020 1167 1065 similiter
1198 1030 1239 1065 ct
1255 1020 1320 1066 vir
1344 1021 1588 1068 nonhabet
1611 1032 1762 1085 potes-

378 1113 400 1135 »
420 1101 504 1137 tem
530 1090 726 1154 corporis
744 1090 826 1143 sui,
854 1089 928 1136 sed
949 1089 1104 1137 mulier
1122 1089 1140 1118 4
1162 1108 1172 1135 :
1198 1111 1218 1132 >2
1243 1107 1386 1136 sexum
1410 1092 1583 1137 nomine
1608 1108 1767 1156 corpo·

384 1162 443 1208 ris
462 1161 752 1225 nuncupavit.
780 1159 867 1206 Sed
879 1177 980 1206 cum
1001 1159 1120 1205 illam
1146 1170 1230 1205 tam
1256 1171 1457 1223 paratam
1480 1178 1565 1207 csse
1590 1162 1769 1208 audiam

385 1233 478 1279 Deo
499 1231 647 1278 dicare
671 1231 1011 1288 continentiam,
1032 1241 1079 1277 ut
1098 1248 1146 1277 eo
1185 1230 1276 1277 solo
1304 1230 1570 1294 impediatur
1585 1269 1596 1288 ,
1633 1233 1668 1278 si
1691 1232 1772 1279 tibi

387 1304 587 1350 debitum
616 1303 796 1349 reddere
831 1302 1049 1363 conjugali
1073 1306 1171 1363 jure
1191 1302 1497 1366 compellitur3
1525 1302 1655 1349 ambo
1681 1304 1773 1355 Deo

383 1375 569 1428 reddite,
598 1374 718 1439 quod
747 1375 878 1421 ambo
896 1375 1089 1431 vovistis,
1118 1386 1166 1421 ut
1190 1373 1253 1420 illi
1276 1374 1555 1438 persolvatur
1574 1374 1694 1438 quod
1717 1374 1773 1421 ab

385 1446 525 1493 ultero
564 1464 652 1492 non
676 1446 853 1506 exigitis.
886 1446 932 1492 Si
963 1446 1230 1492 coutinentia
1258 1446 1397 1492 virtus
1420 1457 1511 1503 est,
1544 1446 1671 1493 sicuti
1691 1455 1769 1502 est,

389 1535 466 1564 cur
492 1516 545 1562 ad
568 1534 659 1563 eam
684 1517 738 1563 sit
772 1517 1024 1580 promptior
1061 1534 1179 1563 sexus
1198 1516 1431 1573 infirmior,
1455 1534 1555 1563 curn
1594 1517 1731 1564 virtus
1751 1534 1773 1562 a

386 1588 479 1634 viro
495 1588 642 1651 potius
659 1588 965 1647 cognominata
985 1587 1205 1642 videatur,
1234 1588 1347 1632 sicut
1371 1586 1611 1633 similitudo
1632 1604 1771 1633 voca-

389 1659 481 1707 buli
504 1662 702 1704 resonat?
739 1659 839 1704 Noli
874 1676 973 1719 ergo
998 1659 1065 1704 vir
1103 1659 1339 1704 abhorrere
1363 1676 1386 1704 a
1416 1658 1593 1714 virtute,
1635 1674 1772 1722 quam

391 1729 548 1775 mulier
567 1740 630 1775 est
654 1740 805 1792 parata
833 1730 1065 1793 suscipere.
1099 1730 1164 1774 Sit
1190 1740 1325 1775 vester
1350 1746 1580 1775 consensus
1601 1728 1777 1774 oblatio

391 1799 446 1846 ad
473 1817 714 1864 supernum
756 1801 888 1847 altare
923 1801 1155 1856 Creatoris‚
1181 1811 1220 1846 et
1256 1801 1370 1847 victa
1414 1799 1772 1863 concupiscentia

393 1881 516 1916 tanto
540 1870 694 1917 fortius
717 1882 882 1935 quanto
901 1871 1090 1918 sanctius
1120 1871 1348 1917 vinculum
1373 1871 1612 1918 charitatis.
1647 1870 1774 1916 Gau-

392 1940 572 1987 deamus
606 1941 659 1988 de
684 1943 807 1989 vobis
847 1943 891 1989 in
935 1942 1182 1988 abundanti
1223 1942 1360 2002 gratia
1385 1941 1565 1995 Christi,
1598 1939 1780 1987 Domini

393 2012 537 2058 eximii
560 2014 800 2077 meritoque
819 2014 1099 2061 honorabiles
1117 2024 1158 2059 et
1174 2012 1478 2060 desiderabiles
1498 2012 1590 2060 filii.

451 2096 461 2116 ¹
488 2106 500 2126 ι
524 2098 597 2127 Cor.
617 2107 672 2134 vn,
695 2103 726 2133 l..
