<?xml version="1.0" encoding="UTF-8"?>
<!DOCTYPE html PUBLIC "-//W3C//DTD XHTML 1.0 Transitional//EN"
    "http://www.w3.org/TR/xhtml1/DTD/xhtml1-transitional.dtd">
<html xmlns="http://www.w3.org/1999/xhtml" xml:lang="en" lang="en">
 <head>
  <title>
</title>
<meta http-equiv="Content-Type" content="text/html;charset=utf-8" />
  <meta name='ocr-system' content='tesseract 3.04.00' />
  <meta name='ocr-capabilities' content='ocr_page ocr_carea ocr_par ocr_line ocrx_word'/>
</head>
<body>
  <div class='ocr_page' id='page_1' title='image "./operaomniaaccura39auguuoft/operaomniaaccura39auguuoft_0257.png"; bbox 0 0 1902 3268; ppageno 0'>
   <div class='ocr_carea' id='block_1_1' title="bbox 681 235 1524 296">
    <p class='ocr_par' dir='ltr' id='par_1_1' title="bbox 681 235 1524 296">
     <span class='ocr_line' id='line_1_1' title="bbox 681 235 1524 296; baseline 0.005 -19"><span class='ocrx_word' id='word_1_1' title='bbox 681 246 889 277; x_wconf 67' lang='lat' dir='ltr'>zris&#39;som</span> <span class='ocrx_word' id='word_1_2' title='bbox 927 247 965 277; x_wconf 87' lang='lat' dir='ltr'>e.</span> <span class='ocrx_word' id='word_1_3' title='bbox 1434 235 1524 296; x_wconf 70' lang='lat'>247</span> 
     </span>
    </p>
   </div>
   <div class='ocr_carea' id='block_1_2' title="bbox 124 309 1532 2628">
    <p class='ocr_par' dir='ltr' id='par_1_2' title="bbox 124 309 1532 2628">
     <span class='ocr_line' id='line_1_2' title="bbox 151 309 1528 375; baseline 0.002 -16"><span class='ocrx_word' id='word_1_4' title='bbox 151 322 214 360; x_wconf 81' lang='lat' dir='ltr'>est</span> <span class='ocrx_word' id='word_1_5' title='bbox 235 321 277 359; x_wconf 88' lang='lat' dir='ltr'>et</span> <span class='ocrx_word' id='word_1_6' title='bbox 308 310 522 369; x_wconf 85' lang='lat' dir='ltr'>atrocius,</span> <span class='ocrx_word' id='word_1_7' title='bbox 559 327 693 375; x_wconf 90' lang='lat' dir='ltr'>quam</span> <span class='ocrx_word' id='word_1_8' title='bbox 717 311 816 357; x_wconf 89' lang='lat' dir='ltr'>siin</span> <span class='ocrx_word' id='word_1_9' title='bbox 845 310 950 356; x_wconf 90' lang='lat' dir='ltr'>alios</span> <span class='ocrx_word' id='word_1_10' title='bbox 975 309 1074 357; x_wconf 78' lang='lat' dir='ltr'>talia</span> <span class='ocrx_word' id='word_1_11' title='bbox 1094 312 1446 368; x_wconf 79' lang='lat' dir='ltr'>committantur,</span> <span class='ocrx_word' id='word_1_12' title='bbox 1478 324 1528 363; x_wconf 88' lang='lat' dir='ltr'>tu</span> 
     </span>
     <span class='ocr_line' id='line_1_3' title="bbox 153 381 1528 448; baseline 0.001 -18"><span class='ocrx_word' id='word_1_13' title='bbox 153 397 330 447; x_wconf 88' lang='lat' dir='ltr'>quoque</span> <span class='ocrx_word' id='word_1_14' title='bbox 352 398 434 446; x_wconf 91' lang='lat' dir='ltr'>pro</span> <span class='ocrx_word' id='word_1_15' title='bbox 469 382 739 429; x_wconf 74' lang='lat' dir='ltr'>immanitate</span> <span class='ocrx_word' id='word_1_16' title='bbox 774 381 1016 428; x_wconf 81' lang='lat' dir='ltr'>facinorum</span> <span class='ocrx_word' id='word_1_17' title='bbox 1040 418 1052 438; x_wconf 91' lang='lat'><strong><em>‚</em></strong></span> <span class='ocrx_word' id='word_1_18' title='bbox 1087 399 1136 428; x_wconf 90' lang='lat' dir='ltr'>ac</span> <span class='ocrx_word' id='word_1_19' title='bbox 1165 398 1252 429; x_wconf 93' lang='lat' dir='ltr'>non</span> <span class='ocrx_word' id='word_1_20' title='bbox 1278 383 1423 446; x_wconf 89' lang='lat' dir='ltr'>potius</span> <span class='ocrx_word' id='word_1_21' title='bbox 1446 401 1528 448; x_wconf 89' lang='lat' dir='ltr'>pro</span> 
     </span>
     <span class='ocr_line' id='line_1_4' title="bbox 150 450 1524 501; baseline 0.001 -2"><span class='ocrx_word' id='word_1_22' title='bbox 150 451 341 500; x_wconf 83' lang='lat' dir='ltr'><strong>lenitatis</strong></span> <span class='ocrx_word' id='word_1_23' title='bbox 359 452 624 498; x_wconf 75' lang='lat' dir='ltr'>Christianae</span> <span class='ocrx_word' id='word_1_24' title='bbox 648 450 990 498; x_wconf 78' lang='lat' dir='ltr'>consideratione</span> <span class='ocrx_word' id='word_1_25' title='bbox 1007 469 1178 498; x_wconf 78' lang='lat' dir='ltr'>censeas</span> <span class='ocrx_word' id='word_1_26' title='bbox 1197 453 1490 500; x_wconf 68' lang='lat' dir='ltr'>coercendum</span> <span class='ocrx_word' id='word_1_27' title='bbox 1513 473 1524 501; x_wconf 92' lang='lat'><strong>:</strong></span> 
     </span>
     <span class='ocr_line' id='line_1_5' title="bbox 149 521 1527 587; baseline -0.002 -17"><span class='ocrx_word' id='word_1_28' title='bbox 149 521 269 587; x_wconf 89' lang='lat' dir='ltr'>quod</span> <span class='ocrx_word' id='word_1_29' title='bbox 289 533 328 568; x_wconf 91' lang='lat' dir='ltr'>te</span> <span class='ocrx_word' id='word_1_30' title='bbox 349 539 428 586; x_wconf 86' lang='lat' dir='ltr'>per</span> <span class='ocrx_word' id='word_1_31' title='bbox 456 523 604 568; x_wconf 87' lang='lat' dir='ltr'>Jesum</span> <span class='ocrx_word' id='word_1_32' title='bbox 627 524 854 570; x_wconf 76' lang='lat' dir='ltr'>Christum</span> <span class='ocrx_word' id='word_1_33' title='bbox 879 540 932 569; x_wconf 88' lang='lat' dir='ltr'>ne</span> <span class='ocrx_word' id='word_1_34' title='bbox 957 523 1090 569; x_wconf 83' lang='lat' dir='ltr'>facias</span> <span class='ocrx_word' id='word_1_35' title='bbox 1113 524 1404 570; x_wconf 65' lang='lat' dir='ltr'>obsecramus</span> <span class='ocrx_word' id='word_1_36' title='bbox 1435 525 1527 574; x_wconf 70' lang='lat' dir='ltr'>Ne-</span> 
     </span>
     <span class='ocr_line' id='line_1_6' title="bbox 151 592 1523 658; baseline 0.002 -18"><span class='ocrx_word' id='word_1_37' title='bbox 151 609 235 656; x_wconf 87' lang='lat' dir='ltr'>que</span> <span class='ocrx_word' id='word_1_38' title='bbox 261 593 375 640; x_wconf 90' lang='lat' dir='ltr'>euim</span> <span class='ocrx_word' id='word_1_39' title='bbox 394 592 634 640; x_wconf 82' lang='lat' dir='ltr'>vindictam</span> <span class='ocrx_word' id='word_1_40' title='bbox 651 594 704 640; x_wconf 88' lang='lat' dir='ltr'>de</span> <span class='ocrx_word' id='word_1_41' title='bbox 726 594 914 641; x_wconf 89' lang='lat' dir='ltr'>inimicis</span> <span class='ocrx_word' id='word_1_42' title='bbox 941 594 985 639; x_wconf 88' lang='lat' dir='ltr'>in</span> <span class='ocrx_word' id='word_1_43' title='bbox 1010 594 1094 640; x_wconf 90' lang='lat' dir='ltr'>hac</span> <span class='ocrx_word' id='word_1_44' title='bbox 1119 605 1227 640; x_wconf 87' lang='lat' dir='ltr'>terra</span> <span class='ocrx_word' id='word_1_45' title='bbox 1245 596 1523 658; x_wconf 84' lang='lat' dir='ltr'>requirimus,</span> 
     </span>
     <span class='ocr_line' id='line_1_7' title="bbox 149 663 1523 729; baseline 0.002 -20"><span class='ocrx_word' id='word_1_46' title='bbox 149 673 225 710; x_wconf 87' lang='lat' dir='ltr'>aut</span> <span class='ocrx_word' id='word_1_47' title='bbox 244 680 346 711; x_wconf 89' lang='lat' dir='ltr'>vero</span> <span class='ocrx_word' id='word_1_48' title='bbox 361 663 416 710; x_wconf 91' lang='lat' dir='ltr'>ad</span> <span class='ocrx_word' id='word_1_49' title='bbox 426 680 496 709; x_wconf 88' lang='lat' dir='ltr'>eas</span> <span class='ocrx_word' id='word_1_50' title='bbox 515 666 728 725; x_wconf 81' lang='lat' dir='ltr'>angustias</span> <span class='ocrx_word' id='word_1_51' title='bbox 748 665 879 711; x_wconf 89' lang='lat' dir='ltr'>animi</span> <span class='ocrx_word' id='word_1_52' title='bbox 902 681 980 710; x_wconf 91' lang='lat' dir='ltr'>nos</span> <span class='ocrx_word' id='word_1_53' title='bbox 996 663 1157 710; x_wconf 90' lang='lat' dir='ltr'>debent</span> <span class='ocrx_word' id='word_1_54' title='bbox 1177 677 1399 712; x_wconf 88' lang='lat' dir='ltr'>coarctare</span> <span class='ocrx_word' id='word_1_55' title='bbox 1421 683 1523 729; x_wconf 80' lang='lat' dir='ltr'>quae</span> 
     </span>
     <span class='ocr_line' id='line_1_8' title="bbox 148 732 1525 798; baseline 0.004 -21"><span class='ocrx_word' id='word_1_56' title='bbox 148 732 345 797; x_wconf 87' lang='lat' dir='ltr'>patimur</span> <span class='ocrx_word' id='word_1_57' title='bbox 363 769 375 789; x_wconf 86' lang='lat'>,</span> <span class='ocrx_word' id='word_1_58' title='bbox 414 746 462 780; x_wconf 87' lang='lat' dir='ltr'>ut</span> <span class='ocrx_word' id='word_1_59' title='bbox 491 734 804 781; x_wconf 82' lang='lat' dir='ltr'>obliviscamur</span> <span class='ocrx_word' id='word_1_60' title='bbox 834 733 943 798; x_wconf 88' lang='lat' dir='ltr'>quid</span> <span class='ocrx_word' id='word_1_61' title='bbox 975 734 1103 779; x_wconf 87' lang='lat' dir='ltr'>nobis</span> <span class='ocrx_word' id='word_1_62' title='bbox 1132 735 1419 797; x_wconf 82' lang='lat' dir='ltr'>praeceperit,</span> <span class='ocrx_word' id='word_1_63' title='bbox 1442 753 1525 798; x_wconf 88' lang='lat' dir='ltr'>pro</span> 
     </span>
     <span class='ocr_line' id='line_1_9' title="bbox 148 802 1526 867; baseline 0.003 -18"><span class='ocrx_word' id='word_1_64' title='bbox 148 806 274 863; x_wconf 90' lang='lat' dir='ltr'>cujus</span> <span class='ocrx_word' id='word_1_65' title='bbox 306 803 484 851; x_wconf 85' lang='lat' dir='ltr'>veritate</span> <span class='ocrx_word' id='word_1_66' title='bbox 524 822 575 851; x_wconf 86' lang='lat' dir='ltr'>ac</span> <span class='ocrx_word' id='word_1_67' title='bbox 611 804 785 851; x_wconf 90' lang='lat' dir='ltr'>nomine</span> <span class='ocrx_word' id='word_1_68' title='bbox 821 803 1050 867; x_wconf 88' lang='lat' dir='ltr'>patimur:</span> <span class='ocrx_word' id='word_1_69' title='bbox 1079 802 1298 863; x_wconf 84' lang='lat' dir='ltr'>diligimus</span> <span class='ocrx_word' id='word_1_70' title='bbox 1322 804 1526 853; x_wconf 85' lang='lat' dir='ltr'>inimicos</span> 
     </span>
     <span class='ocr_line' id='line_1_10' title="bbox 148 873 1529 938; baseline 0.003 -19"><span class='ocrx_word' id='word_1_71' title='bbox 148 883 317 920; x_wconf 88' lang='lat' dir='ltr'>nostros</span> <span class='ocrx_word' id='word_1_72' title='bbox 340 884 384 921; x_wconf 86' lang='lat' dir='ltr'>et</span> <span class='ocrx_word' id='word_1_73' title='bbox 405 890 578 920; x_wconf 89' lang='lat' dir='ltr'>oramus</span> <span class='ocrx_word' id='word_1_74' title='bbox 601 891 683 938; x_wconf 88' lang='lat' dir='ltr'>pro</span> <span class='ocrx_word' id='word_1_75' title='bbox 703 874 775 921; x_wconf 90' lang='lat' dir='ltr'>eis.</span> <span class='ocrx_word' id='word_1_76' title='bbox 810 873 937 919; x_wconf 82' lang='lat' dir='ltr'>Unde</span> <span class='ocrx_word' id='word_1_77' title='bbox 955 891 1002 919; x_wconf 85' lang='lat' dir='ltr'>ex</span> <span class='ocrx_word' id='word_1_78' title='bbox 1022 874 1248 920; x_wconf 86' lang='lat' dir='ltr'>occasione</span> <span class='ocrx_word' id='word_1_79' title='bbox 1267 875 1529 925; x_wconf 84' lang='lat' dir='ltr'>terribilium</span> 
     </span>
     <span class='ocr_line' id='line_1_11' title="bbox 143 942 1525 1007; baseline 0.003 -18"><span class='ocrx_word' id='word_1_80' title='bbox 143 942 350 1003; x_wconf 79' lang='lat' dir='ltr'>J&#39;udicum</span> <span class='ocrx_word' id='word_1_81' title='bbox 374 961 425 991; x_wconf 87' lang='lat' dir='ltr'>ac</span> <span class='ocrx_word' id='word_1_82' title='bbox 446 944 590 1004; x_wconf 87' lang='lat' dir='ltr'>legum</span> <span class='ocrx_word' id='word_1_83' title='bbox 612 981 623 1000; x_wconf 88' lang='lat'>‚</span> <span class='ocrx_word' id='word_1_84' title='bbox 647 961 700 990; x_wconf 90' lang='lat' dir='ltr'>ne</span> <span class='ocrx_word' id='word_1_85' title='bbox 716 945 760 990; x_wconf 88' lang='lat' dir='ltr'>in</span> <span class='ocrx_word' id='word_1_86' title='bbox 779 944 930 990; x_wconf 85' lang='lat' dir='ltr'>aeterni</span> <span class='ocrx_word' id='word_1_87' title='bbox 948 943 1106 1004; x_wconf 85' lang='lat' dir='ltr'>judicii</span> <span class='ocrx_word' id='word_1_88' title='bbox 1123 961 1279 1007; x_wconf 86' lang='lat' dir='ltr'>poenas</span> <span class='ocrx_word' id='word_1_89' title='bbox 1296 945 1493 993; x_wconf 90' lang='lat' dir='ltr'>indicant</span> <span class='ocrx_word' id='word_1_90' title='bbox 1512 983 1525 1005; x_wconf 89' lang='lat'>,</span> 
     </span>
     <span class='ocr_line' id='line_1_12' title="bbox 149 1014 1530 1078; baseline 0.002 -18"><span class='ocrx_word' id='word_1_91' title='bbox 149 1014 306 1074; x_wconf 85' lang='lat' dir='ltr'>corrigi</span> <span class='ocrx_word' id='word_1_92' title='bbox 334 1030 404 1060; x_wconf 90' lang='lat' dir='ltr'>eos</span> <span class='ocrx_word' id='word_1_93' title='bbox 427 1015 632 1077; x_wconf 90' lang='lat' dir='ltr'>cupimus</span> <span class='ocrx_word' id='word_1_94' title='bbox 650 1051 662 1072; x_wconf 92' lang='lat'>,</span> <span class='ocrx_word' id='word_1_95' title='bbox 683 1032 772 1061; x_wconf 90' lang='lat' dir='ltr'>non</span> <span class='ocrx_word' id='word_1_96' title='bbox 796 1015 941 1061; x_wconf 88' lang='lat' dir='ltr'>necari</span> <span class='ocrx_word' id='word_1_97' title='bbox 964 1033 974 1060; x_wconf 71' lang='grc' dir='ltr'><strong>ε</strong></span> <span class='ocrx_word' id='word_1_98' title='bbox 1006 1032 1084 1060; x_wconf 90' lang='lat' dir='ltr'>nec</span> <span class='ocrx_word' id='word_1_99' title='bbox 1111 1014 1388 1078; x_wconf 85' lang='lat' dir='ltr'>disciplinam</span> <span class='ocrx_word' id='word_1_100' title='bbox 1411 1016 1530 1063; x_wconf 87' lang='lat' dir='ltr'>circa</span> 
     </span>
     <span class='ocr_line' id='line_1_13' title="bbox 148 1082 1532 1148; baseline 0.004 -20"><span class='ocrx_word' id='word_1_101' title='bbox 148 1098 219 1128; x_wconf 87' lang='lat' dir='ltr'>eos</span> <span class='ocrx_word' id='word_1_102' title='bbox 252 1082 411 1144; x_wconf 82' lang='lat' dir='ltr'>negligi</span> <span class='ocrx_word' id='word_1_103' title='bbox 435 1084 666 1142; x_wconf 89' lang='lat' dir='ltr'>volumus,</span> <span class='ocrx_word' id='word_1_104' title='bbox 701 1102 780 1132; x_wconf 90' lang='lat' dir='ltr'>nec</span> <span class='ocrx_word' id='word_1_105' title='bbox 816 1084 1046 1148; x_wconf 74' lang='lat' dir='ltr'>suppliciis</span> <span class='ocrx_word' id='word_1_106' title='bbox 1081 1085 1242 1148; x_wconf 85' lang='lat' dir='ltr'>quibus</span> <span class='ocrx_word' id='word_1_107' title='bbox 1274 1085 1396 1146; x_wconf 83' lang='lat' dir='ltr'>digni</span> <span class='ocrx_word' id='word_1_108' title='bbox 1430 1097 1532 1134; x_wconf 88' lang='lat' dir='ltr'>sunt</span> 
     </span>
     <span class='ocr_line' id='line_1_14' title="bbox 148 1153 1528 1221; baseline 0.004 -22"><span class='ocrx_word' id='word_1_109' title='bbox 148 1153 346 1201; x_wconf 84' lang='lat' dir='ltr'>exerceri.</span> <span class='ocrx_word' id='word_1_110' title='bbox 365 1154 437 1200; x_wconf 85' lang='lat' dir='ltr'>Sic</span> <span class='ocrx_word' id='word_1_111' title='bbox 460 1154 593 1214; x_wconf 85' lang='lat' dir='ltr'>igitur</span> <span class='ocrx_word' id='word_1_112' title='bbox 614 1172 763 1201; x_wconf 89' lang='lat' dir='ltr'>eorum</span> <span class='ocrx_word' id='word_1_113' title='bbox 787 1166 968 1218; x_wconf 85' lang='lat' dir='ltr'>peccata</span> <span class='ocrx_word' id='word_1_114' title='bbox 986 1171 1231 1219; x_wconf 85' lang='lat' dir='ltr'>compesce,</span> <span class='ocrx_word' id='word_1_115' title='bbox 1251 1167 1300 1202; x_wconf 88' lang='lat' dir='ltr'>ut</span> <span class='ocrx_word' id='word_1_116' title='bbox 1316 1156 1402 1204; x_wconf 87' lang='lat' dir='ltr'>sint</span> <span class='ocrx_word' id='word_1_117' title='bbox 1419 1173 1528 1221; x_wconf 84' lang='lat' dir='ltr'>quos</span> 
     </span>
     <span class='ocr_line' id='line_1_15' title="bbox 147 1224 597 1288; baseline 0.002 -16"><span class='ocrx_word' id='word_1_118' title='bbox 147 1224 363 1287; x_wconf 85' lang='lat' dir='ltr'>poeniteat</span> <span class='ocrx_word' id='word_1_119' title='bbox 385 1242 597 1288; x_wconf 83' lang='lat' dir='ltr'>peccasse.</span> 
     </span>
     <span class='ocr_line' id='line_1_16' title="bbox 214 1295 1523 1356; baseline 0.003 -17"><span class='ocrx_word' id='word_1_120' title='bbox 214 1295 274 1342; x_wconf 88' lang='grc' dir='ltr'>ΙΙ.</span> <span class='ocrx_word' id='word_1_121' title='bbox 307 1295 569 1352; x_wconf 81' lang='lat' dir='ltr'>Quaesumus</span> <span class='ocrx_word' id='word_1_122' title='bbox 598 1296 733 1356; x_wconf 88' lang='lat' dir='ltr'>igitur</span> <span class='ocrx_word' id='word_1_123' title='bbox 762 1306 810 1341; x_wconf 93' lang='lat' dir='ltr'>ut</span> <span class='ocrx_word' id='word_1_124' title='bbox 834 1312 935 1341; x_wconf 91' lang='lat' dir='ltr'>cum</span> <span class='ocrx_word' id='word_1_125' title='bbox 964 1296 1170 1342; x_wconf 79' lang='lat' dir='ltr'>Ecclesiae</span> <span class='ocrx_word' id='word_1_126' title='bbox 1193 1313 1340 1342; x_wconf 82' lang='lat' dir='ltr'>causas</span> <span class='ocrx_word' id='word_1_127' title='bbox 1373 1296 1523 1354; x_wconf 86' lang='lat' dir='ltr'>audis,</span> 
     </span>
     <span class='ocr_line' id='line_1_17' title="bbox 148 1365 1529 1429; baseline 0.002 -19"><span class='ocrx_word' id='word_1_128' title='bbox 148 1365 394 1428; x_wconf 86' lang='lat' dir='ltr'>quamlibet</span> <span class='ocrx_word' id='word_1_129' title='bbox 427 1365 601 1411; x_wconf 83' lang='lat' dir='ltr'>nefariis</span> <span class='ocrx_word' id='word_1_130' title='bbox 639 1367 810 1426; x_wconf 85' lang='lat' dir='ltr'>injuriis</span> <span class='ocrx_word' id='word_1_131' title='bbox 846 1367 1086 1429; x_wconf 85' lang='lat' dir='ltr'>appetitam</span> <span class='ocrx_word' id='word_1_132' title='bbox 1111 1367 1178 1412; x_wconf 84' lang='lat' dir='ltr'>vel</span> <span class='ocrx_word' id='word_1_133' title='bbox 1204 1367 1406 1413; x_wconf 84' lang='lat' dir='ltr'>afflictam</span> <span class='ocrx_word' id='word_1_134' title='bbox 1441 1384 1529 1414; x_wconf 85' lang='lat' dir='ltr'>esse</span> 
     </span>
     <span class='ocr_line' id='line_1_18' title="bbox 148 1435 1522 1499; baseline 0.001 -18"><span class='ocrx_word' id='word_1_135' title='bbox 148 1435 417 1495; x_wconf 85' lang='lat' dir='ltr'>cognoveris,</span> <span class='ocrx_word' id='word_1_136' title='bbox 436 1446 696 1499; x_wconf 87' lang='lat' dir='ltr'>potestatem</span> <span class='ocrx_word' id='word_1_137' title='bbox 719 1436 951 1482; x_wconf 89' lang='lat' dir='ltr'>occidendi</span> <span class='ocrx_word' id='word_1_138' title='bbox 977 1447 1017 1482; x_wconf 84' lang='lat' dir='ltr'>te</span> <span class='ocrx_word' id='word_1_139' title='bbox 1045 1437 1208 1482; x_wconf 86' lang='lat' dir='ltr'>habere</span> <span class='ocrx_word' id='word_1_140' title='bbox 1232 1437 1522 1494; x_wconf 86' lang='lat' dir='ltr'>obliviscaris,</span> 
     </span>
     <span class='ocr_line' id='line_1_19' title="bbox 148 1505 1524 1568; baseline 0.002 -17"><span class='ocrx_word' id='word_1_141' title='bbox 148 1515 190 1551; x_wconf 87' lang='lat' dir='ltr'>et</span> <span class='ocrx_word' id='word_1_142' title='bbox 209 1505 465 1568; x_wconf 88' lang='lat' dir='ltr'>petitionem</span> <span class='ocrx_word' id='word_1_143' title='bbox 488 1517 678 1552; x_wconf 89' lang='lat' dir='ltr'>nostram</span> <span class='ocrx_word' id='word_1_144' title='bbox 705 1524 792 1552; x_wconf 89' lang='lat' dir='ltr'>non</span> <span class='ocrx_word' id='word_1_145' title='bbox 816 1507 1100 1554; x_wconf 87' lang='lat' dir='ltr'>obliviscaris.</span> <span class='ocrx_word' id='word_1_146' title='bbox 1129 1507 1227 1553; x_wconf 82' lang='lat' dir='ltr'>Non</span> <span class='ocrx_word' id='word_1_147' title='bbox 1254 1507 1334 1552; x_wconf 83' lang='lat' dir='ltr'>tibi</span> <span class='ocrx_word' id='word_1_148' title='bbox 1353 1507 1435 1553; x_wconf 88' lang='lat' dir='ltr'>vile</span> <span class='ocrx_word' id='word_1_149' title='bbox 1452 1509 1524 1563; x_wconf 88' lang='lat' dir='ltr'>sit,</span> 
     </span>
     <span class='ocr_line' id='line_1_20' title="bbox 147 1577 1526 1641; baseline 0.001 -19"><span class='ocrx_word' id='word_1_150' title='bbox 147 1592 287 1640; x_wconf 89' lang='lat' dir='ltr'>neque</span> <span class='ocrx_word' id='word_1_151' title='bbox 311 1577 662 1641; x_wconf 74' lang='lat' dir='ltr'>contemptibile,</span> <span class='ocrx_word' id='word_1_152' title='bbox 682 1577 743 1622; x_wconf 85' lang='lat' dir='ltr'>fili</span> <span class='ocrx_word' id='word_1_153' title='bbox 760 1578 1078 1623; x_wconf 87' lang='lat' dir='ltr'>honorabiliter</span> <span class='ocrx_word' id='word_1_154' title='bbox 1097 1577 1386 1634; x_wconf 85' lang='lat' dir='ltr'>dilectissime,</span> <span class='ocrx_word' id='word_1_155' title='bbox 1405 1578 1526 1641; x_wconf 85' lang='lat' dir='ltr'>quod</span> 
     </span>
     <span class='ocr_line' id='line_1_21' title="bbox 146 1647 1525 1711; baseline -0.001 -18"><span class='ocrx_word' id='word_1_156' title='bbox 146 1662 225 1693; x_wconf 82' lang='lat' dir='ltr'>vos</span> <span class='ocrx_word' id='word_1_157' title='bbox 248 1663 449 1706; x_wconf 85' lang='lat' dir='ltr'>rogamus</span> <span class='ocrx_word' id='word_1_158' title='bbox 469 1664 522 1693; x_wconf 89' lang='lat' dir='ltr'>ne</span> <span class='ocrx_word' id='word_1_159' title='bbox 543 1647 826 1703; x_wconf 79' lang='lat' dir='ltr'>occidantur,</span> <span class='ocrx_word' id='word_1_160' title='bbox 854 1665 935 1711; x_wconf 88' lang='lat' dir='ltr'>pro</span> <span class='ocrx_word' id='word_1_161' title='bbox 955 1648 1117 1710; x_wconf 82' lang='lat' dir='ltr'>quibus</span> <span class='ocrx_word' id='word_1_162' title='bbox 1139 1647 1377 1692; x_wconf 88' lang='lat' dir='ltr'>Dominum</span> <span class='ocrx_word' id='word_1_163' title='bbox 1403 1665 1525 1708; x_wconf 85' lang='lat' dir='ltr'>roga-</span> 
     </span>
     <span class='ocr_line' id='line_1_22' title="bbox 147 1717 1527 1781; baseline 0.001 -19"><span class='ocrx_word' id='word_1_164' title='bbox 147 1732 244 1762; x_wconf 91' lang='lat' dir='ltr'>mus</span> <span class='ocrx_word' id='word_1_165' title='bbox 265 1726 314 1762; x_wconf 90' lang='lat' dir='ltr'>ut</span> <span class='ocrx_word' id='word_1_166' title='bbox 337 1717 626 1777; x_wconf 83' lang='lat' dir='ltr'>corrigantur.</span> <span class='ocrx_word' id='word_1_167' title='bbox 651 1719 843 1780; x_wconf 86' lang='lat' dir='ltr'>Excepto</span> <span class='ocrx_word' id='word_1_168' title='bbox 861 1718 990 1763; x_wconf 90' lang='lat' dir='ltr'>etiam</span> <span class='ocrx_word' id='word_1_169' title='bbox 1010 1717 1130 1781; x_wconf 88' lang='lat' dir='ltr'>quod</span> <span class='ocrx_word' id='word_1_170' title='bbox 1151 1736 1171 1762; x_wconf 90' lang='lat' dir='ltr'>a</span> <span class='ocrx_word' id='word_1_171' title='bbox 1191 1728 1405 1780; x_wconf 88' lang='lat' dir='ltr'>perpetuo</span> <span class='ocrx_word' id='word_1_172' title='bbox 1420 1735 1527 1781; x_wconf 90' lang='lat' dir='ltr'>pro·</span> 
     </span>
     <span class='ocr_line' id='line_1_23' title="bbox 147 1787 1522 1851; baseline -0.001 -17"><span class='ocrx_word' id='word_1_173' title='bbox 147 1788 288 1851; x_wconf 88' lang='lat' dir='ltr'>posito</span> <span class='ocrx_word' id='word_1_174' title='bbox 309 1787 507 1834; x_wconf 87' lang='lat' dir='ltr'>recedere</span> <span class='ocrx_word' id='word_1_175' title='bbox 527 1805 615 1833; x_wconf 88' lang='lat' dir='ltr'>non</span> <span class='ocrx_word' id='word_1_176' title='bbox 647 1787 855 1834; x_wconf 89' lang='lat' dir='ltr'>debemus</span> <span class='ocrx_word' id='word_1_177' title='bbox 883 1788 1088 1833; x_wconf 85' lang='lat' dir='ltr'>vincendi</span> <span class='ocrx_word' id='word_1_178' title='bbox 1111 1788 1155 1833; x_wconf 91' lang='lat' dir='ltr'>in</span> <span class='ocrx_word' id='word_1_179' title='bbox 1178 1788 1296 1833; x_wconf 92' lang='lat' dir='ltr'>bono</span> <span class='ocrx_word' id='word_1_180' title='bbox 1324 1788 1488 1833; x_wconf 88' lang='lat' dir='ltr'>malum</span> <span class='ocrx_word' id='word_1_181' title='bbox 1511 1805 1522 1832; x_wconf 71' lang='grc' dir='ltr'>ε</span> 
     </span>
     <span class='ocr_line' id='line_1_24' title="bbox 146 1858 1525 1922; baseline 0 -18"><span class='ocrx_word' id='word_1_182' title='bbox 146 1858 258 1905; x_wconf 89' lang='lat' dir='ltr'>illud</span> <span class='ocrx_word' id='word_1_183' title='bbox 275 1875 450 1922; x_wconf 87' lang='lat' dir='ltr'>quoque</span> <span class='ocrx_word' id='word_1_184' title='bbox 478 1858 713 1921; x_wconf 87' lang='lat' dir='ltr'>prudentia</span> <span class='ocrx_word' id='word_1_185' title='bbox 743 1869 816 1904; x_wconf 89' lang='lat' dir='ltr'>tua</span> <span class='ocrx_word' id='word_1_186' title='bbox 846 1860 1033 1918; x_wconf 82' lang='lat' dir='ltr'>cogitet,</span> <span class='ocrx_word' id='word_1_187' title='bbox 1059 1858 1179 1922; x_wconf 85' lang='lat' dir='ltr'>quod</span> <span class='ocrx_word' id='word_1_188' title='bbox 1209 1875 1359 1904; x_wconf 87' lang='lat' dir='ltr'>causas</span> <span class='ocrx_word' id='word_1_189' title='bbox 1382 1859 1525 1904; x_wconf 83' lang='lat' dir='ltr'>eccle-</span> 
     </span>
     <span class='ocr_line' id='line_1_25' title="bbox 149 1928 1520 1992; baseline 0.001 -18"><span class='ocrx_word' id='word_1_190' title='bbox 149 1928 339 1975; x_wconf 84' lang='lat' dir='ltr'>siasticas</span> <span class='ocrx_word' id='word_1_191' title='bbox 358 1928 576 1974; x_wconf 89' lang='lat' dir='ltr'>insinuare</span> <span class='ocrx_word' id='word_1_192' title='bbox 597 1928 721 1974; x_wconf 89' lang='lat' dir='ltr'>vobis</span> <span class='ocrx_word' id='word_1_193' title='bbox 738 1946 865 1974; x_wconf 89' lang='lat' dir='ltr'>nemo</span> <span class='ocrx_word' id='word_1_194' title='bbox 883 1940 1043 1992; x_wconf 82' lang='lat' dir='ltr'>praeter</span> <span class='ocrx_word' id='word_1_195' title='bbox 1056 1928 1364 1974; x_wconf 88' lang='lat' dir='ltr'>ecclesiasticos</span> <span class='ocrx_word' id='word_1_196' title='bbox 1382 1938 1520 1976; x_wconf 86' lang='lat' dir='ltr'>curat.</span> 
     </span>
     <span class='ocr_line' id='line_1_26' title="bbox 146 1997 1531 2062; baseline 0.001 -18"><span class='ocrx_word' id='word_1_197' title='bbox 146 1997 340 2044; x_wconf 87' lang='lat' dir='ltr'>Proinde</span> <span class='ocrx_word' id='word_1_198' title='bbox 362 1998 397 2044; x_wconf 89' lang='lat' dir='ltr'>si</span> <span class='ocrx_word' id='word_1_199' title='bbox 414 1997 678 2044; x_wconf 86' lang='lat' dir='ltr'>occidendos</span> <span class='ocrx_word' id='word_1_200' title='bbox 701 1998 745 2045; x_wconf 91' lang='lat' dir='ltr'>in</span> <span class='ocrx_word' id='word_1_201' title='bbox 774 1999 843 2044; x_wconf 88' lang='lat' dir='ltr'>his</span> <span class='ocrx_word' id='word_1_202' title='bbox 868 1999 1100 2045; x_wconf 84' lang='lat' dir='ltr'>sceleribus</span> <span class='ocrx_word' id='word_1_203' title='bbox 1122 1998 1322 2044; x_wconf 90' lang='lat' dir='ltr'>homines</span> <span class='ocrx_word' id='word_1_204' title='bbox 1341 2010 1531 2062; x_wconf 85' lang='lat' dir='ltr'>putave-</span> 
     </span>
     <span class='ocr_line' id='line_1_27' title="bbox 147 2069 1525 2133; baseline -0.001 -18"><span class='ocrx_word' id='word_1_205' title='bbox 147 2069 256 2126; x_wconf 86' lang='lat' dir='ltr'>ritis,</span> <span class='ocrx_word' id='word_1_206' title='bbox 277 2069 548 2115; x_wconf 89' lang='lat' dir='ltr'>deterrebitis</span> <span class='ocrx_word' id='word_1_207' title='bbox 562 2086 657 2126; x_wconf 85' lang='lat' dir='ltr'>nos,</span> <span class='ocrx_word' id='word_1_208' title='bbox 674 2086 727 2114; x_wconf 91' lang='lat' dir='ltr'>ne</span> <span class='ocrx_word' id='word_1_209' title='bbox 751 2087 829 2132; x_wconf 88' lang='lat' dir='ltr'>per</span> <span class='ocrx_word' id='word_1_210' title='bbox 844 2086 1022 2133; x_wconf 80' lang='lat' dir='ltr'>operam</span> <span class='ocrx_word' id='word_1_211' title='bbox 1048 2080 1239 2115; x_wconf 83' lang='lat' dir='ltr'>nostram</span> <span class='ocrx_word' id='word_1_212' title='bbox 1260 2069 1314 2114; x_wconf 89' lang='lat' dir='ltr'>ad</span> <span class='ocrx_word' id='word_1_213' title='bbox 1336 2080 1525 2119; x_wconf 81' lang='lat' dir='ltr'>vestrum</span> 
     </span>
     <span class='ocr_line' id='line_1_28' title="bbox 124 2138 1528 2204; baseline 0 -18"><span class='ocrx_word' id='word_1_214' title='bbox 124 2139 363 2200; x_wconf 68' lang='lat' dir='ltr'>&#39;Judicium</span> <span class='ocrx_word' id='word_1_215' title='bbox 396 2138 560 2203; x_wconf 88' lang='lat' dir='ltr'>aliquid</span> <span class='ocrx_word' id='word_1_216' title='bbox 596 2139 679 2185; x_wconf 89' lang='lat' dir='ltr'>tale</span> <span class='ocrx_word' id='word_1_217' title='bbox 710 2142 935 2203; x_wconf 82' lang='lat' dir='ltr'>perveniat</span> <span class='ocrx_word' id='word_1_218' title='bbox 967 2159 977 2186; x_wconf 87' lang='lat'><strong>:</strong></span> <span class='ocrx_word' id='word_1_219' title='bbox 1008 2157 1098 2204; x_wconf 88' lang='lat' dir='ltr'>quo</span> <span class='ocrx_word' id='word_1_220' title='bbox 1141 2150 1367 2203; x_wconf 89' lang='lat' dir='ltr'>comperto</span> <span class='ocrx_word' id='word_1_221' title='bbox 1392 2141 1458 2186; x_wconf 90' lang='lat' dir='ltr'>illi</span> <span class='ocrx_word' id='word_1_222' title='bbox 1480 2141 1528 2186; x_wconf 85' lang='lat' dir='ltr'>in</span> 
     </span>
     <span class='ocr_line' id='line_1_29' title="bbox 146 2210 1526 2273; baseline 0.001 -17"><span class='ocrx_word' id='word_1_223' title='bbox 146 2220 339 2256; x_wconf 89' lang='lat' dir='ltr'>nostram</span> <span class='ocrx_word' id='word_1_224' title='bbox 361 2210 598 2273; x_wconf 89' lang='lat' dir='ltr'>perniciem</span> <span class='ocrx_word' id='word_1_225' title='bbox 621 2210 843 2257; x_wconf 86' lang='lat' dir='ltr'>licentiore</span> <span class='ocrx_word' id='word_1_226' title='bbox 868 2211 1049 2258; x_wconf 86' lang='lat' dir='ltr'>audacia</span> <span class='ocrx_word' id='word_1_227' title='bbox 1079 2211 1412 2270; x_wconf 82' lang='lat' dir='ltr'>grassabuntur,</span> <span class='ocrx_word' id='word_1_228' title='bbox 1442 2228 1526 2257; x_wconf 88' lang='lat' dir='ltr'>ne-</span> 
     </span>
     <span class='ocr_line' id='line_1_30' title="bbox 149 2280 1528 2344; baseline -0.001 -16"><span class='ocrx_word' id='word_1_229' title='bbox 149 2281 344 2328; x_wconf 85' lang='lat' dir='ltr'>cessitate</span> <span class='ocrx_word' id='word_1_230' title='bbox 359 2280 487 2327; x_wconf 90' lang='lat' dir='ltr'>nobis</span> <span class='ocrx_word' id='word_1_231' title='bbox 511 2281 704 2344; x_wconf 87' lang='lat' dir='ltr'>impacta</span> <span class='ocrx_word' id='word_1_232' title='bbox 729 2280 771 2327; x_wconf 87' lang='lat' dir='ltr'>et</span> <span class='ocrx_word' id='word_1_233' title='bbox 794 2281 960 2327; x_wconf 87' lang='lat' dir='ltr'>indicta</span> <span class='ocrx_word' id='word_1_234' title='bbox 977 2319 988 2337; x_wconf 77' lang='grc'>,</span> <span class='ocrx_word' id='word_1_235' title='bbox 1014 2292 1062 2326; x_wconf 88' lang='lat' dir='ltr'>ut</span> <span class='ocrx_word' id='word_1_236' title='bbox 1081 2281 1207 2326; x_wconf 88' lang='lat' dir='ltr'>etiam</span> <span class='ocrx_word' id='word_1_237' title='bbox 1228 2280 1371 2326; x_wconf 88' lang='lat' dir='ltr'>occidi</span> <span class='ocrx_word' id='word_1_238' title='bbox 1390 2281 1446 2326; x_wconf 86' lang='lat' dir='ltr'>ab</span> <span class='ocrx_word' id='word_1_239' title='bbox 1469 2281 1528 2327; x_wconf 91' lang='lat' dir='ltr'>eis</span> 
     </span>
     <span class='ocr_line' id='line_1_31' title="bbox 148 2350 1527 2415; baseline 0 -17"><span class='ocrx_word' id='word_1_240' title='bbox 148 2352 386 2412; x_wconf 87' lang='lat' dir='ltr'>eligamus,</span> <span class='ocrx_word' id='word_1_241' title='bbox 414 2367 546 2415; x_wconf 87' lang='lat' dir='ltr'>quam</span> <span class='ocrx_word' id='word_1_242' title='bbox 583 2368 652 2396; x_wconf 88' lang='lat' dir='ltr'>eos</span> <span class='ocrx_word' id='word_1_243' title='bbox 685 2352 947 2398; x_wconf 88' lang='lat' dir='ltr'>occidendos</span> <span class='ocrx_word' id='word_1_244' title='bbox 977 2352 1126 2398; x_wconf 86' lang='lat' dir='ltr'>vestris</span> <span class='ocrx_word' id='word_1_245' title='bbox 1151 2350 1330 2411; x_wconf 87' lang='lat' dir='ltr'>judiciis</span> <span class='ocrx_word' id='word_1_246' title='bbox 1362 2352 1527 2411; x_wconf 86' lang='lat' dir='ltr'>ingera-</span> 
     </span>
     <span class='ocr_line' id='line_1_32' title="bbox 149 2421 1526 2485; baseline -0.001 -16"><span class='ocrx_word' id='word_1_247' title='bbox 149 2439 259 2469; x_wconf 90' lang='lat' dir='ltr'>mus.</span> <span class='ocrx_word' id='word_1_248' title='bbox 302 2422 429 2467; x_wconf 88' lang='lat' dir='ltr'>Hanc</span> <span class='ocrx_word' id='word_1_249' title='bbox 467 2421 805 2468; x_wconf 87' lang='lat' dir='ltr'>admonitionem</span> <span class='ocrx_word' id='word_1_250' title='bbox 825 2460 834 2480; x_wconf 89' lang='lat'>‚</span> <span class='ocrx_word' id='word_1_251' title='bbox 871 2422 1124 2485; x_wconf 88' lang='lat' dir='ltr'>petitionem</span> <span class='ocrx_word' id='word_1_252' title='bbox 1143 2457 1153 2478; x_wconf 91' lang='lat'>‚</span> <span class='ocrx_word' id='word_1_253' title='bbox 1179 2421 1526 2467; x_wconf 87' lang='lat' dir='ltr'>obsecrationem</span> 
     </span>
     <span class='ocr_line' id='line_1_33' title="bbox 149 2492 1524 2556; baseline -0.001 -17"><span class='ocrx_word' id='word_1_254' title='bbox 149 2509 290 2539; x_wconf 91' lang='lat' dir='ltr'>meam</span> <span class='ocrx_word' id='word_1_255' title='bbox 309 2508 362 2537; x_wconf 92' lang='lat' dir='ltr'>ne</span> <span class='ocrx_word' id='word_1_256' title='bbox 385 2507 533 2555; x_wconf 86' lang='lat' dir='ltr'>quaeso</span> <span class='ocrx_word' id='word_1_257' title='bbox 553 2502 832 2556; x_wconf 87' lang='lat' dir='ltr'>aspernanter</span> <span class='ocrx_word' id='word_1_258' title='bbox 850 2492 1053 2556; x_wconf 88' lang='lat' dir='ltr'>accipias.</span> <span class='ocrx_word' id='word_1_259' title='bbox 1090 2493 1123 2538; x_wconf 62' lang='lat' dir='ltr'><strong>N</strong></span> <span class='ocrx_word' id='word_1_260' title='bbox 1131 2509 1239 2556; x_wconf 84' lang='lat' dir='ltr'>eque</span> <span class='ocrx_word' id='word_1_261' title='bbox 1259 2492 1372 2538; x_wconf 90' lang='lat' dir='ltr'>enim</span> <span class='ocrx_word' id='word_1_262' title='bbox 1394 2503 1434 2538; x_wconf 89' lang='lat' dir='ltr'>te</span> <span class='ocrx_word' id='word_1_263' title='bbox 1452 2509 1524 2538; x_wconf 87' lang='lat' dir='ltr'>ar-</span> 
     </span>
     <span class='ocr_line' id='line_1_34' title="bbox 149 2561 1528 2628; baseline -0.001 -17"><span class='ocrx_word' id='word_1_264' title='bbox 149 2563 291 2612; x_wconf 86' lang='lat' dir='ltr'>bitror</span> <span class='ocrx_word' id='word_1_265' title='bbox 307 2578 398 2615; x_wconf 84' lang='lat' dir='ltr'>non</span> <span class='ocrx_word' id='word_1_266' title='bbox 410 2561 612 2623; x_wconf 82' lang='lat' dir='ltr'>recolere,</span> <span class='ocrx_word' id='word_1_267' title='bbox 628 2580 830 2626; x_wconf 85' lang='lat' dir='ltr'>magnam</span> <span class='ocrx_word' id='word_1_268' title='bbox 847 2580 916 2611; x_wconf 89' lang='lat' dir='ltr'>me</span> <span class='ocrx_word' id='word_1_269' title='bbox 932 2562 987 2610; x_wconf 86' lang='lat' dir='ltr'>ad</span> <span class='ocrx_word' id='word_1_270' title='bbox 1001 2574 1039 2611; x_wconf 88' lang='lat' dir='ltr'>te</span> <span class='ocrx_word' id='word_1_271' title='bbox 1053 2574 1094 2612; x_wconf 86' lang='lat' dir='ltr'>et</span> <span class='ocrx_word' id='word_1_272' title='bbox 1109 2562 1248 2611; x_wconf 90' lang='lat' dir='ltr'>multo</span> <span class='ocrx_word' id='word_1_273' title='bbox 1267 2580 1400 2628; x_wconf 90' lang='lat' dir='ltr'>quam</span> <span class='ocrx_word' id='word_1_274' title='bbox 1411 2578 1528 2611; x_wconf 91' lang='lat' dir='ltr'>nunc</span> 
     </span>
    </p>
   </div>
  </div>
 </body>
</html>
