1902 3268
596 256 804 286 131>15T0L22
845 257 1000 287 mum.
1432 250 1490 309 ἴῃ]

117 327 290 372 fortasse
324 338 456 386 quam
494 322 655 378 debui,
695 321 768 367 sed
807 339 895 368 non
926 323 1027 386 plus
1057 340 1191 387 quam
1218 326 1375 383 timui,
1416 329 1493 374 uhi

117 395 238 452 aisti,
276 411 369 440 «ne
397 392 507 440 forte
529 393 655 440 laesus
686 396 800 453 juste
822 394 1127 458 expostulares.
1149 417 1170 438 »
1202 396 1325 457 Rogo
1352 408 1390 444 te
1410 436 1421 454 ,
1460 400 1495 444 si

116 465 206 512 fieri
231 476 391 544 potest,
414 476 463 512 ut
479 465 591 511 inter
603 482 681 511 nos
698 482 946 528 quaeramus
968 477 1009 512 et
1029 465 1289 514 disseramus
1307 468 1491 532 aliquid,

113 554 202 600 quo
225 537 316 583 sine
335 536 627 583 amaritudine
649 536 881 583 discordiae
907 537 1040 583 corda
1065 549 1209 584 nostra
1234 551 1491 602 pascantur,

115 608 204 655 fiat.
233 607 278 653 Si
298 618 440 654 autem
458 625 545 653 non
563 624 739 671 possum
763 607 906 653 dicere
919 608 1027 671 quid
1046 609 1156 654 mihi
1171 610 1496 658 emendandum

114 678 344 725 videatur
332 697 379 725 ln
395 679 568 744 scriptis
588 679 701 736 tuis,
726 696 806 725 nec
828 689 873 724 tu
898 679 943 724 in
962 679 1097 735 meis,
1124 680 1205 725 nisi
1226 698 1328 727 cum
1353 683 1500 746 suspi-

115 749 239 796 cione
263 749 460 805 invidiae,
482 761 558 796 aut
581 749 757 795 laesione
773 749 1004 806 amicitiae3
1031 750 1305 813 quiescamus
1332 753 1387 798 ab
1410 753 1497 810 his,

114 830 157 866 et
179 831 341 867 nostrae
358 821 459 868 vitae
481 819 697 883 salutique
725 836 972 883 parcamus.
1004 820 1152 866 Minus
1176 831 1291 867 certe
1305 839 1501 886 assequa-

114 901 187 937 tur
205 891 277 937 illa
305 907 405 954 quae
432 888 617 943 inflat13
645 889 752 935 dum
788 906 876 935 non
902 889 1147 936 offendatur
1169 890 1243 937 illa
1269 909 1370 955 quae
1391 893 1503 940 aedi-

114 963 231 1008 ficat.
269 963 359 1022 Ego
393 978 461 1007 me
492 961 621 1021 longe
655 978 742 1007 esse
767 962 902 1007 sentio
937 962 993 1006 ab
1027 961 1101 1007 illa
1126 962 1390 1025 perfectione
1409 1002 1420 1021 ,
1447 964 1500 1011 de

113 1049 201 1096 qua
227 1033 443 1096 scriptum
465 1043 555 1091 est;
595 1053 615 1074 α
638 1033 683 1078 Si
706 1032 804 1096 quis
833 1033 878 1078 in
899 1033 1035 1080 Verbo
1061 1050 1150 1079 non
1185 1034 1368 1080 offendit
1386 1073 1397 1092 ,
1427 1036 1502 1082 hic

117 1102 332 1167 perfectus
349 1113 411 1150 est
435 1104 554 1150 vir2.
586 1125 606 1144 >2
633 1102 719 1149 Sed
739 1102 868 1166 plane
888 1103 933 1148 in
961 1103 1040 1149 Dei
1069 1104 1365 1152 misericordia
1389 1118 1501 1170 puto

114 1191 182 1220 me
209 1190 335 1238 posse
364 1173 491 1220 facile
525 1174 602 1219 abs
633 1184 674 1219 te
705 1184 850 1236 petere
871 1173 1043 1220 veniam
1066 1211 1077 1230 ,
1105 1175 1138 1220 si
1165 1175 1273 1238 quid
1295 1177 1456 1224 offendi
1485 1196 1495 1224 ε

114 1244 236 1307 quod
260 1244 372 1291 mihi
394 1244 562 1308 aperire
588 1243 720 1290 debes
751 1264 762 1297 3
785 1255 856 1301 ut,
888 1261 991 1289 cum
1010 1255 1052 1289 te
1075 1244 1254 1291 audiero
1276 1283 1287 1302 ‚
1322 1246 1502 1294 lucreris

112 1314 290 1359 fratrem
315 1314 483 1360 tuum3.
516 1314 668 1377 Neque
694 1312 810 1358 enim
829 1350 841 1369 ,
865 1313 969 1376 quia
1001 1313 1089 1358 hoc
1116 1324 1301 1377 propter
1321 1315 1498 1377 longin-

113 1385 325 1448 quitatem
347 1395 564 1430 terrarum
589 1400 680 1428 non
701 1394 824 1446 potes
839 1381 980 1429 facere
1004 1383 1117 1429 inter
1134 1401 1202 1429 me
1221 1395 1263 1429 et
1280 1395 1338 1442 te,
1360 1405 1502 1451 prop-

113 1466 228 1501 terea
251 1455 382 1502 debes
402 1455 538 1501 sinere
560 1470 702 1499 errare
724 1470 806 1500 me.
840 1454 1022 1499 Prorsus
1047 1454 1168 1516 quod
1195 1455 1248 1500 ad
1269 1457 1382 1519 ipsas
1405 1475 1469 1504 res
1488 1496 1498 1515 ,

114 1544 221 1591 quas
244 1544 366 1573 nosse
382 1526 586 1574 volumus
604 1561 615 1582 ‚
636 1525 821 1581 attinet,
858 1525 893 1570 si
924 1525 1034 1588 quid
1056 1526 1146 1572 veri
1172 1543 1239 1571 me
1267 1539 1408 1574 tenere
1433 1530 1500 1575 vel

113 1599 201 1643 scio
220 1635 231 1655 ‚
259 1597 327 1644 vel
351 1596 501 1652 credo,
530 1595 599 1642 vel
615 1606 745 1659 puto,
767 1596 813 1641 in
836 1612 925 1659 quo
947 1607 993 1642 tu
1021 1596 1143 1642 aliter
1172 1598 1327 1654 sentis,
1351 1616 1498 1662 quan—

115 1679 208 1714 tum
229 1670 303 1714 dat
324 1667 541 1714 Dominus
556 1666 645 1712 sine
666 1676 740 1712 tua
758 1667 919 1726 injuria
935 1667 1128 1713 conabor
1148 1684 1342 1716 asserere.
1366 1671 1495 1727 Quod

115 1749 261 1785 autem
284 1737 472 1802 pertinet
497 1736 551 1782 ad
570 1736 846 1782 offensionem
869 1747 987 1782 tuam
1005 1773 1015 1792 ‚
1032 1753 1132 1782 cum
1154 1748 1195 1783 te
1217 1738 1494 1800 indignatum

115 1826 283 1856 sensero
300 1846 311 1865 ,
338 1808 451 1854 nihil
475 1806 595 1853 aliud
612 1844 622 1863 ‚
652 1823 786 1870 quam
807 1807 977 1852 veniam
999 1806 1287 1870 deprecabor.

180 1881 234 1927 X.
267 1881 356 1925 Nec
390 1878 568 1924 omnino
604 1878 794 1922 arbitror
828 1888 869 1922 te
899 1894 1148 1923 succensere
1168 1879 1386 1941 potuisse,
1413 1883 1494 1927 nisi

116 1961 188 1998 aut
204 1951 292 1997 h'oc
314 1949 499 1996 dicerem
515 1985 525 2004 ,
553 1948 674 2011 quod
701 1965 788 1992 non
812 1946 973 2003 debui3
994 1957 1067 1992 aut
1086 1964 1171 1993 non
1197 1948 1257 1994 sic
1276 1949 1462 1997 dicerem
1478 1991 1488 1999 .

115 2031 164 2067 ut
184 2019 317 2067 debui
336 2037 348 2065 ι
366 2019 469 2082 quia
486 2035 564 2063 nec
588 2017 721 2062 miror
737 2018 880 2062 minus
899 2033 975 2061 nos
989 2016 1098 2062 scire
1119 2017 1307 2065 invicem
1327 2057 1336 2075 ‚
1361 2037 1490 2084 quam

113 2092 275 2138 scimur
314 2108 337 2136 a
371 2088 738 2149 conjunctissimis
779 2098 821 2133 et
854 2087 1197 2145 familiarissimis
1231 2092 1401 2138 nostris.
1442 2094 1492 2138 In

113 2178 301 2226 quorum
322 2177 399 2221 ego
417 2160 675 2206 charitatem
690 2195 701 2215 ,
721 2160 874 2215 fateor,
893 2156 1019 2203 facile
1038 2174 1104 2203 me
1128 2168 1265 2205 totum
1283 2162 1486 2223 projicio,

112 2232 351 2296 praesertim
375 2230 603 2289 fatigatum
629 2227 845 2274 scandalis
877 2226 1048 2284 saeculi3
1070 2239 1112 2273 et
1140 2228 1186 2273 in
1211 2246 1260 2274 ea
1279 2230 1369 2276 sine
1400 2233 1489 2278 ulla

113 2301 403 2349 sollicitudine
440 2299 660 2362 requiesco
685 2316 694 2343 ε
722 2300 866 2344 Deum
890 2299 1058 2362 quippe
1086 2298 1177 2343 illic
1207 2316 1294 2345 esse
1323 2303 1486 2360 sentio,

113 2373 158 2419 in
173 2389 303 2436 quem
324 2389 391 2418 me
409 2388 584 2417 securus
598 2371 784 2433 projicio
799 2408 810 2427 ,
831 2381 872 2415 et
888 2371 932 2415 in
950 2386 1038 2433 quo
1055 2386 1230 2416 securus
1247 2373 1485 2436 requiesco,

116 2444 206 2489 Nec
231 2444 275 2488 in
302 2442 386 2487 hac
411 2459 505 2487 mea
528 2442 758 2487 securitate
784 2442 1021 2486 crastinum
1046 2441 1155 2487 illud
1179 2442 1388 2490 humanae
1403 2446 1491 2492 fra-

110 2512 286 2574 gilitatis
323 2513 537 2558 incertum
554 2543 564 2562 ,
602 2511 655 2557 de
694 2529 782 2575 quo
818 2512 1018 2575 superius
1053 2512 1272 2572 ingemui,
1317 2518 1492 2563 omnino

166 2597 174 2619 ¹
202 2607 212 2627 ι
237 2599 312 2628 Cor.
330 2607 405 2632 viu,
423 2607 478 2628 υ.
498 2594 569 2618 ...2
587 2596 699 2628 Jacobv
728 2608 779 2637 ιιι,
798 2607 828 2628 2.
850 2613 893 2620 --
908 2593 922 2618 3
942 2595 1061 2631 Matth.
1086 2606 1187 2633 xvur,
1214 2598 1265 2628 15.

247 2665 388 2697 extvr
1347 2655 1368 2709 4
