1902 3268
304 347 397 403 48ss
723 365 755 392 s.
801 365 1042 394 AUGUSTINI
1081 366 1281 395 lerlscorl

305 428 475 473 vincere
502 427 816 474 lssiocxsaeculum
838 466 847 484 ,
875 447 946 474 ora
968 431 1010 474 in
1036 447 1132 493 spe,
1161 448 1233 476 ora
1259 431 1444 476 fideliter
1463 442 1504 477 et
1523 447 1674 477 aman-

309 510 387 554 ter,
418 517 491 544 ora
509 498 717 544 instanter
740 510 869 562 atque
887 500 1116 563 patienter,
1135 518 1207 545 ora
1227 502 1335 546 sieut
1351 519 1367 547 x
1381 502 1481 547 idua
1499 501 1677 548 Christi.

303 569 513 625 Quamvis
530 569 644 614 enim
662 569 716 615 ad
735 571 878 614 omnia
904 572 1097 616 membra
1120 575 1232 630 eJ'us,
1251 571 1337 616 hoc
1355 583 1434 627 est,
1457 571 1508 617 ad
1531 588 1678 617 omnes

301 639 375 701 qui
397 639 443 684 in
462 656 559 684 eum
579 639 763 686 credunt
781 677 791 696 ‚
819 651 859 685 et
878 644 968 700 ejus
989 641 1162 704 corpori
1186 641 1421 697 sociantur,
1449 642 1562 687 sicut
1585 641 1671 686 do-

299 711 415 766 cuit,
442 724 563 756 orare
586 711 820 774 pertineat3
848 711 1090 774 specialiter
1116 723 1258 758 tamen
1296 713 1544 772 diligentior
1569 729 1674 758 cura

299 781 543 827 orationum
574 782 619 827 in
652 782 894 845 Scripturis
927 787 1019 843 ejus
1043 783 1186 829 viduis
1211 784 1429 829 invenitur
1461 787 1674 844 injuncta.

300 848 412 897 Nam
447 847 548 896 duae
573 851 750 897 fuerunt
780 853 914 898 Annee
948 853 1274 899 honorabiliter
1307 855 1564 910 nominatae,
1597 869 1683 898 una

300 926 531 981 conjugata
555 938 656 984 quae
687 934 884 969 sanetum
922 924 1171 970 Samuelem
1207 925 1378 987 peperit
1402 942 1412 969 ε
1437 922 1521 970 alia
1544 923 1679 970 Vidua

301 1008 401 1054 quae
426 992 635 1037 Sanctum
659 993 921 1039 Sanctorum
945 1031 954 1049 ‚
981 1011 1080 1040 eum
1108 994 1255 1040 adhue
1275 995 1412 1041 infans
1434 1005 1538 1040 esset
1559 1031 1568 1050 ‚
1603 1010 1682 1053 ag-

298 1059 463 1107 novit1.
497 1061 651 1108 Oravit
667 1073 707 1107 et
738 1064 970 1123 conjugata
995 1064 1040 1108 in
1058 1063 1206 1110 dolore
1229 1066 1359 1110 animi
1385 1076 1426 1110 et
1452 1064 1681 1110 afflictione

301 1130 473 1187 cordis,
502 1132 605 1194 quia
640 1132 750 1178 filios
769 1151 855 1179 non
880 1134 1106 1187 habebat3
1133 1146 1235 1180 tune
1261 1136 1405 1198 ipsum
1433 1134 1682 1180 Samuelem

301 1201 577 1264 impetravit,
614 1214 654 1248 et
682 1215 912 1266 acceptum
940 1205 1030 1250 Deo
1063 1205 1286 1258 reddidit,
1324 1205 1426 1268 quia
1455 1221 1555 1250 eum
1576 1221 1685 1267 pos-

303 1282 443 1325 efflet,
476 1273 639 1319 vovit2.
669 1273 753 1318 Sed
790 1274 928 1319 oratio
970 1278 1059 1334 ejus
1084 1275 1306 1338 quomodo
1339 1275 1392 1320 ad
1417 1275 1672 1320 Orationem

302 1341 424 1388 illam
459 1342 724 1389 dominicam
763 1345 1008 1408 pertineat,
1045 1363 1129 1391 non
1165 1345 1291 1391 fiuile
1325 1345 1559 1408 reperitur,
1596 1342 1679 1389 nisi

307 1413 407 1476 quia
431 1413 475 1458 in
503 1431 551 1459 eo
570 1415 689 1477 quod
708 1416 771 1461 ibi
790 1417 977 1479 positum
998 1428 1059 1462 est
1081 1435 1091 1462 ε
1120 1438 1138 1458 α
1162 1418 1319 1462 Libera
1342 1434 1419 1462 nos
1435 1435 1455 1461 a
1481 1414 1643 1470 malo³‚
1666 1434 1686 1455 >³

308 1499 395 1527 non
412 1500 598 1545 parvum
625 1480 790 1531 matum
817 1486 1069 1542 videbatur,
1092 1498 1131 1532 et
1150 1498 1330 1550 nuptam
1353 1504 1461 1540 esse,
1485 1497 1526 1531 et
1540 1485 1686 1530 fructu

311 1569 454 1598 carere
486 1555 768 1616 nuptiarum,
797 1573 896 1601 eum
924 1556 1011 1602 sola
1043 1568 1217 1602 excuset
1243 1558 1418 1619 nuptias
1449 1572 1688 1618 procrean-

312 1621 470 1667 dorum
507 1640 635 1668 eausa
683 1625 889 1671 filiorum.
933 1628 996 1671 De
1031 1626 1103 1671 illa
1143 1643 1242 1671 vero
1284 1633 1405 1670 Anna
1435 1624 1566 1669 vidua
1590 1623 1689 1668 vide

311 1687 419 1755 quid
456 1693 667 1756 seriptum
694 1696 782 1749 sit;
810 1717 828 1737 «
859 1696 972 1751 Quia
997 1713 1085 1741 non
1124 1696 1375 1742 discedebat
1412 1695 1464 1741 de
1492 1694 1657 1758 templo
1675 1731 1686 1748 ‚

313 1784 334 1805 2>
352 1764 529 1823 jejumis
543 1775 583 1809 et
604 1765 980 1811 obsecrationibus
1000 1767 1185 1812 serviens
1204 1777 1329 1812 noete
1348 1782 1395 1810 ae
1413 1764 1482 1810 die
1497 1763 1527 1812 4.
1555 1785 1575 1806 >³
1602 1764 1691 1809 Nec

315 1827 489 1879 aliunde
513 1835 746 1897 Apostolus
767 1873 776 1891 ,
800 1837 919 1899 quod
939 1848 980 1882 et
997 1854 1128 1900 supra
1141 1835 1477 1882 commemoravi
1503 1853 1513 1880 ε
1538 1856 1557 1875 c<
1577 1837 1692 1893 Quae

318 1924 338 1945 »
362 1914 504 1968 autem
531 1922 628 1950 vere
658 1906 788 1951 vidua
823 1917 911 1962 est,
945 1907 1115 1971 inquit,
1143 1918 1184 1952 et
1209 1906 1397 1952 desolata
1423 1904 1614 1967 speravit
1646 1903 1692 1948 in

320 1994 339 2014 n
367 1974 575 2030 Domino,
605 1985 645 2020 et
668 1977 857 2038 persistit
875 1977 917 2021 in
937 1978 1208 2022 orationibus
1230 1986 1356 2021 noete
1378 1992 1426 2020 ae
1446 1974 1542 2019 die5
1568 1991 1577 2018 :
1606 1994 1627 2014 ³>
1652 1982 1693 2017 et

318 2043 531 2089 Dominus
558 2062 655 2090 eum
683 2063 852 2110 semper
875 2046 929 2091 ad
955 2046 1166 2092 orandum
1188 2072 1198 2101 ς
1225 2057 1267 2090 et
1288 2063 1375 2090 non
1401 2040 1693 2110 defieiendum

320 2128 397 2159 nos
420 2115 689 2171 hortaretur,
719 2117 896 2162 viduam
923 2116 1328 2171 coniiiieiiioravit⁶‚
1361 2132 1460 2178 quae
1490 2111 1693 2158 licetini-

319 2202 455 2248 quum
477 2196 518 2230 et
536 2186 722 2249 impium
742 2187 932 2246 judicem
951 2226 960 2244 ‚
990 2206 1038 2234 ac
1057 2186 1133 2233 Dei
1149 2199 1190 2233 et
1218 2187 1447 2232 hominum
1467 2194 1695 2245 contemp-

322 2267 456 2301 torem
476 2293 485 2311 ,
505 2257 559 2302 ad
578 2257 839 2304 audiendam
861 2277 1035 2304 eausam
1055 2276 1174 2304 suam
1195 2258 1362 2304 assidue
1379 2253 1694 2318 interpellando

325 2328 551 2374 convertit.
587 2328 729 2384 Quam
759 2347 857 2388 ergo
888 2347 979 2392 pree
1004 2330 1169 2375 coeteris
1194 2328 1338 2374 viduae
1364 2326 1524 2372 debent
1544 2339 1696 2370 vacare

322 2397 593 2442 orationihus
610 2435 621 2453 ,
644 2400 744 2444 satis
763 2398 866 2445 hine
886 2400 1065 2461 intelligi
1091 2409 1257 2462 potest,
1281 2397 1398 2460 quod
1417 2394 1621 2441 omnibus
1642 2392 1697 2438 ad

322 2466 645 2528 suscipiendum
673 2469 826 2514 orandi
864 2470 1056 2515 studium
1082 2470 1135 2515 de
1169 2467 1311 2514 viduis
1335 2465 1609 2530 propositum
1635 2472 1697 2508 est

322 2536 634 2583 exhortationis
657 2539 918 2602 exemplum.

374 2635 382 2656 ¹
409 2647 418 2665 1
451 2638 525 2677 Rvg.
545 2648 567 2674 1,
597 2648 625 2673 2,
644 2643 672 2668 et
701 2641 764 2669 Luc
808 2650 848 2679 11,
871 2642 925 2669 20,
943 2637 1018 2661 —2
1042 2650 1052 2668 1
1074 2641 1155 2678 Reg.
1177 2649 1199 2675 1,
1218 2646 1333 2671 11,—-
1352 2633 1366 2658 3
1385 2633 1499 2665 Mauh.
1520 2643 1561 2670 vx,
1584 2634 1634 2664 13.
1652 2643 1699 2654 -·’

324 2690 339 2714 ⁴
356 2695 429 2725 Luc.
449 2704 486 2730 ¹¹,
503 2694 555 2730 37.
570 2710 615 2715 -—
633 2691 646 2714 ⁵
668 2705 678 2723 1
703 2693 785 2725 'l'im.
809 2704 836 2731 v,
855 2695 885 2723 5.
906 2711 947 2717 ·—-
963 2691 976 2714 6
997 2691 1069 2724 Luc.
1092 2703 1189 2730 xviu,
1220 2703 1247 2722 1.
