1902 3268
617 301 828 333 EPISTOLA
863 301 991 332 xcnl.
1418 299 1494 345 171

133 463 1126 485 mmmmmmmmmnzmmnzmmns
1133 463 1189 475 ιιι
1195 463 1249 475 νυ·-
1258 462 1315 475 §n
1323 461 1505 474 mmmm

577 573 842 618 EPISTOLA
872 573 1009 617 XCIII
1026 573 1057 615 ¹.

347 702 610 745 Dilectissimo
629 703 745 743 fratri
766 701 989 742 Vmcmuo
1002 730 1012 749 ‚
1036 702 1293 740 Auorsmcs.

134 844 416 904 Augustinus
450 842 679 886 Vim-eutii
719 857 738 883 c
773 841 1004 884 schismate
1046 840 1290 898 Rogatiano
1327 838 1515 897 episcopi

198 912 513 959 Cartennensis
528 909 759 967 epistola-m
780 910 974 967 refellens
997 908 1106 949 dicit
1123 909 1267 950 visum
1284 907 1372 948 sibi
1385 908 1431 964 fu
1440 907 1516 948 isse

195 980 462 1035 aliquando,
484 994 575 1020 non
597 979 646 1020 vi
669 993 768 1020 cum
786 977 999 1018 luerezieis
1015 1009 1025 1028 ,
1046 976 1120 1018 sed
1138 976 1269 1018 verbo
1292 976 1371 1017 Dei
1388 984 1427 1015 et
1446 989 1516 1014 ra-

196 1048 311 1098 tione
327 1047 546 1100 agendum
557 1064 575 1096 ;
592 1062 749 1089 verum
766 1045 991 1088 sententiis
1007 1045 1202 1086 aliorum
1222 1059 1374 1098 e-oeemp
1382 1043 1517 1097 lisque

194 1126 450 1174 superatum
468 1126 656 1157 mutasse
677 1116 963 1167 sementiam,
981 1124 1018 1154 et
1037 1113 1255 1154 arbitrari
1273 1112 1380 1169 leges
1391 1109 1516 1168 prin-

196 1185 347 1240 cipum
372 1192 484 1224 recte
506 1182 740 1240 implorari
760 1181 970 1223 acl-versus
998 1180 1132 1222 hostes
1153 1179 1282 1236 fidei,
1312 1178 1440 1220 modo
1468 1176 1516 1218 id

197 1250 280 1310 siat
295 1251 446 1292 animo
463 1250 738 1307 corrigendi,
761 1265 848 1290 non
866 1249 1010 1290 studio
1028 1247 1325 1290 vindicandi:
1343 1246 1518 1299 aliaque

195 1319 376 1375 subjicit
406 1319 626 1374 permulta
661 1329 814 1360 contra
846 1317 1148 1375 pervicaciam
1185 1324 1223 1356 et
1261 1311 1514 1367 ‹znabaptis-

197 1401 324 1429 mum
347 1387 700 1430 Donatistarum.

207 1541 243 1588 Ι.
276 1542 439 1588 Aecum
477 1538 719 1604 Epistolam
739 1576 750 1595 ‚
779 1555 910 1602 quam
947 1549 1063 1584 tuam
1090 1555 1175 1584 esse
1204 1536 1313 1584 mihi
1336 1553 1422 1582 non
1448 1535 1521 1583 iu-

143 1610 353 1660 credibile
367 1610 506 1657 visum
525 1621 600 1658 est.
628 1609 788 1657 Attulit
811 1610 924 1655 enim
950 1627 1042 1655 eam
1058 1647 1068 1665 ,
1097 1626 1227 1673 quem
1252 1607 1521 1654 catholicum

145 1681 445 1729 Christianum
464 1699 549 1727 esse
567 1691 806 1736 constaret,
833 1680 934 1743 qui,
955 1691 1003 1725 ut
1024 1680 1198 1743 opinor,
1222 1678 1331 1724 mihi
1352 1677 1523 1724 mentiri

145 1768 233 1797 non
258 1751 449 1798 auderet.
476 1750 559 1797 Sed
582 1762 624 1797 et
647 1751 680 1797 si
704 1750 814 1797 forte
838 1767 924 1796 non
949 1761 1048 1795 sunt
1071 1749 1226 1795 litterae
1256 1760 1341 1794 tuae
1360 1786 1370 1805 ,
1391 1765 1467 1808 ego
1487 1747 1526 1793 ei

146 1823 222 1887 qui
241 1822 414 1886 scripsit
434 1822 760 1868 rescribendum
780 1822 944 1886 putavi.
974 1822 1007 1867 IN
1020 1838 1102 1866 unc
1120 1838 1188 1866 me
1205 1820 1350 1884 potius
1368 1817 1525 1882 quietis

147 1909 233 1940 esse
256 1892 432 1940 avidum
451 1903 492 1938 et
512 1903 728 1956 petentem
746 1931 756 1949 ‚
783 1910 914 1956 quam
938 1903 1043 1937 tunc
1063 1909 1164 1937 cum
1191 1909 1257 1936 me
1275 1889 1527 1936 adolescen-

151 1974 234 2011 tem
251 2000 262 2020 ,
289 1963 390 2010 vivo
412 1962 559 2010 adhuc
577 1965 748 2023 Rogato
769 1963 840 2009 cui
858 1962 1123 2017 successisti,
1146 1961 1265 2025 apud
1288 1959 1526 2019 Carthagi-

149 2052 248 2081 nem
268 2051 462 2082 noveras.
496 2034 581 2080 Sed
600 2035 840 2080 Donatistae
858 2034 1044 2080 nimium
1068 2032 1253 2096 inquieti
1273 2042 1397 2086 sunt,
1418 2046 1527 2094 quos

148 2122 229 2170 per
264 2104 485 2152 ordinatas
509 2123 532 2150 a
562 2105 654 2150 Deo
690 2115 923 2168 potestates
962 2103 1162 2149 cohiberi
1199 2113 1327 2166 atque
1367 2098 1526 2158 corrigi

149 2175 261 2222 mihi
284 2192 372 2222 non
389 2175 564 2221 videtur
587 2175 754 2221 inutile.
784 2176 894 2221 Nam
915 2174 968 2220 de
993 2173 1228 2219 multorum
1242 2176 1331 2233 jam
1352 2186 1528 2217 correc-

149 2245 270 2291 tione
297 2245 534 2306 gaudemus
551 2283 562 2301 ,
591 2245 667 2308 qui
692 2255 776 2290 tam
798 2245 1006 2291 veraciter
1034 2245 1238 2289 unitatem
1261 2240 1527 2287 catholicam

154 2325 298 2362 tenent
319 2327 448 2380 atque
468 2316 734 2372 defendunt,
762 2327 803 2362 ct
827 2334 848 2362 a
882 2315 1068 2379 pristino
1094 2331 1235 2360 errore
1257 2330 1299 2358 se
1321 2312 1528 2357 liberatos

152 2403 238 2433 esse
257 2386 480 2443 laetantur,
513 2398 564 2434 ut
594 2405 664 2434 eos
690 2405 792 2434 cum
815 2405 969 2447 magna
990 2384 1278 2446 gratulatione
1303 2383 1522 2429 miremur.

154 2457 244 2515 Qui
268 2468 410 2504 tamen
425 2458 569 2504 nescio
587 2475 673 2522 qua
689 2459 734 2506 vi
756 2457 1081 2505 consuetudinis
1098 2494 1109 2513 ‚
1139 2455 1261 2501 nullo
1287 2452 1416 2500 modo
1435 2461 1529 2498 mu-

203 2557 214 2581 ¹
238 2558 326 2592 Alias
351 2570 467 2593 xnvm.
494 2570 565 2602 quae
593 2565 701 2591 antem
728 2560 772 2600 93
799 2564 889 2597 erat,
925 2568 1008 2589 nune
1043 2560 1119 2597 181.
1153 2574 1197 2581 —
1226 2556 1352 2598 Scripta
1370 2553 1453 2586 circa
1470 2552 1531 2584 hoo

156 2621 293 2658 tempus,
