1902 3268
683 276 894 307 Bris‘rom
931 275 1018 306 etv.
1449 265 1540 329 287

166 361 321 406 magna
348 342 450 390 licet
471 356 613 388 rerum
640 351 906 386 terrenarum
928 340 1215 404 prosperitate
1237 341 1538 401 circumfluat,

165 417 225 462 eis
249 426 389 460 tamen
417 411 721 459 insatiabiliter
743 412 979 466 inhiando,
1005 422 1052 457 ut
1080 422 1318 457 vestrorum
1348 413 1543 476 ipsorum

167 485 310 532 verbis
325 495 422 530 utar
436 494 681 537 auctorum,
705 498 842 545 neque
857 483 984 545 copia
1001 499 1138 544 neque
1150 483 1295 545 iuopia
1314 483 1538 530 minuitur.

168 555 477 601 Verumtamen
507 553 553 599 in
582 553 666 599 illis
685 589 696 608 ‚
723 553 885 616 quibus
918 552 1179 615 respondisti
1212 552 1385 598 Litteris
1411 555 1514 599 meis
1531 590 1543 609 ‚

167 625 368 672 inimicos
393 623 597 670 Ecclesiae
621 624 735 669 cives
751 634 845 668 tuos
862 658 874 678 ‚
898 640 976 668 nec
1000 622 1071 667 illa
1090 632 1272 681 egestate
1292 622 1379 668 dixi
1395 639 1546 669 emen-

170 695 339 742 dandos
355 732 367 751 ‚
404 693 487 741 ubi
520 694 756 740 necessaria
795 703 964 738 naturae
1002 692 1185 747 desunt,
1229 693 1302 738 cui
1333 693 1549 739 succurrit

172 765 488 815 misericordia.
507 764 561 810 de
577 780 662 827 qua
677 764 803 809 nobis
815 763 945 808 etiam
969 761 1346 826 praescribendum
1365 764 1546 826 putasti,

173 835 295 902 quod
321 853 503 900 operum
522 845 766 881 nostrorum
798 835 884 880 hoc
912 833 1077 880 indicet
1094 834 1229 889 rati0‚
1258 834 1420 896 quibus
1437 851 1552 900 pau-

174 923 298 973 peres
322 907 580 953 sustinemus
596 941 607 959 ,
638 905 860 951 morbidos
877 904 1101 950 curatione
1121 903 1358 950 relevamus
1374 942 1385 960 ‚
1411 905 1552 953 medi-

175 979 320 1025 cinam
347 977 515 1024 afflictis
539 976 802 1039 corporibus
827 975 1087 1021 adhibemus
1122 977 1402 1039 (quanquam
1427 988 1469 1022 et
1492 977 1554 1023 sic

175 1064 298 1109 cgere
321 1048 469 1094 utilius
502 1046 583 1099 sit‚
621 1063 753 1110 quam
788 1045 844 1092 ad
879 1045 1120 1091 satiandam
1152 1046 1390 1109 nequitiam
1427 1047 1556 1092 rebus

176 1118 381 1165 omnibus
398 1116 637 1164 abundare.
658 1116 674 1178 )
692 1116 777 1163 Sed
802 1117 937 1172 absit,
959 1127 1005 1162 ut
1024 1132 1102 1175 ego
1126 1115 1200 1161 illa
1217 1117 1484 1162 coercitione
1501 1117 1557 1164 ad

177 1188 296 1236 hanc
319 1204 560 1234 aerumnam
584 1203 681 1243 e05,
707 1186 760 1233 de
784 1187 948 1251 quibus
971 1186 1139 1248 agimus
1157 1222 1169 1240 ,
1196 1185 1452 1247 redigendos
1470 1204 1557 1234 esse

179 1259 438 1306 censuerim.
1232 1306 1235 1312 ¹

243 1329 296 1377 V.
329 1330 518 1376 Recense
555 1328 797 1392 Epistolam
824 1345 989 1384 meam,
1029 1328 1064 1374 si
1099 1339 1243 1374 tamen
1265 1329 1441 1388 dignam
1479 1330 1560 1375 ha-

181 1400 317 1447 buisti
332 1437 341 1455 ,
359 1399 394 1446 si
417 1416 506 1446 nou
528 1416 661 1462 quam
682 1398 886 1459 relegeres
900 1435 911 1455 ,
932 1416 1036 1444 cum
1058 1399 1097 1444 ei
1119 1398 1267 1445 fuisset
1290 1400 1562 1462 responden·-

180 1471 316 1526 dum,
347 1469 496 1516 saltem
519 1487 651 1533 quam
685 1470 745 1515 ita
768 1486 1020 1533 reponeres,
1048 1480 1097 1515 ut
1128 1470 1209 1515 tibi
1231 1469 1438 1529 jubenti,
1460 1488 1563 1517 cum

184 1541 370 1589 volueris
389 1541 673 1605 proferretur,
702 1551 744 1586 et
777 1541 949 1587 attende
974 1540 1082 1604 quid
1108 1540 1286 1587 dixerim
1304 1577 1316 1597 ,
1338 1540 1425 1587 hoc
1453 1559 1563 1605 pro-

181 1611 298 1659 fecto
315 1611 521 1667 invenies,
539 1611 611 1657 cui
632 1621 671 1656 te
691 1627 779 1656 non
798 1610 1084 1674 respondisse,
1101 1620 1320 1674 quantum
1337 1612 1533 1658 existimo
1549 1650 1560 1670 ,

184 1681 371 1730 fatearis.
413 1683 526 1727 Nam
551 1696 598 1726 ex
634 1680 829 1744 Epistola
853 1681 926 1727 itta
961 1698 1054 1727 mea
1086 1681 1218 1728 verba
1248 1696 1367 1727 nunc
1389 1681 1560 1730 insero:

189 1773 211 1795 t(
235 1753 333 1799 Non
352 1752 574 1815 praeterita
592 1787 604 1808 ,
625 1753 804 1815 inquam
826 1787 836 1808 ‚
865 1751 1131 1798 vindicando
1150 1768 1325 1815 pascere
1342 1752 1452 1797 iram
1472 1770 1567 1800 nos-

191 1833 300 1869 tram
319 1821 543 1868 studemus
557 1859 568 1878 ,
585 1820 658 1868 sed
679 1821 1013 1869 misericorditer
1025 1823 1071 1868 in
1088 1822 1285 1869 futurum
1302 1823 1567 1871 consulendo

189 1891 436 1951 satagimus.
464 1893 641 1938 Habent
671 1892 871 1939 homines
895 1893 997 1939 mali
1024 1893 1099 1939 ubi
1121 1903 1166 1939 et
1189 1909 1267 1956 per
1296 1892 1568 1941 Christianos

190 1981 280 2012 non
309 1963 452 2010 solum
476 1973 722 2019 mansuete,
751 1964 1035 2010 verumetiam
1059 1963 1223 2010 utiliter
1251 1963 1569 2029 salubriterque

191 2035 456 2100 plectantur.
483 2035 661 2081 Habent
684 2035 800 2081 enim
818 2035 938 2099 quod
958 2052 1143 2099 corpore
1156 2035 1368 2081 incolumi
1384 2036 1538 2083 vivunt
1556 2075 1568 2093 ‚

197 2106 363 2152 habent
389 2104 507 2151 uude
545 2105 725 2161 vivunt,
764 2105 933 2151 habent
970 2110 1086 2152 unde
1127 2105 1239 2151 male
1267 2105 1436 2152 vivunt.
1475 2108 1572 2153 Duo

197 2176 342 2240 prima
365 2175 481 2221 salva
503 2175 611 2231 sint,
633 2186 680 2221 ut
698 2192 808 2239 quos
827 2177 1043 2239 poeniteat
1061 2213 1070 2225 .
1094 2177 1206 2229 sint;
1227 2175 1314 2221 hoc
1336 2186 1540 2238 optamus
1559 2215 1569 2229 ,

198 2245 310 2302 hoc,
332 2256 546 2309 quantum
569 2246 614 2291 in
645 2245 772 2291 nobis
792 2256 854 2291 est
869 2282 880 2301 ‚
908 2247 1035 2292 etiam
1066 2247 1262 2309 impensa
1281 2262 1416 2308 opera
1436 2247 1575 2293 insta-

197 2333 310 2363 mus.
342 2315 538 2361 Tertium
567 2331 668 2360 vero
687 2315 720 2361 si
746 2316 956 2362 Dominus
975 2316 1189 2371 voluerit,
1217 2326 1423 2379 tauquam
1447 2330 1578 2381 putre

199 2387 466 2449 noxiumque
493 2402 681 2432 resecare
714 2385 841 2431 valde
870 2386 1208 2431 misericorditer
1235 2387 1398 2449 puniet.
1425 2409 1444 2429 ι)
1472 2390 1578 2436 Haec

202 2456 334 2501 verba
343 2472 439 2500 mea
459 2456 491 2500 si
511 2455 791 2501 recensuisses
805 2493 815 2510 ‚
833 2473 933 2501 cum
953 2456 1308 2502 miliirescribere
1319 2457 1577 2517 dignareris,

199 2543 292 2572 non
324 2526 466 2572 solum
496 2526 549 2571 de
581 2537 744 2581 morte,
774 2525 849 2572 sed
877 2537 919 2572 et
952 2527 1006 2573 (le
1031 2527 1254 2573 tormentis
1282 2531 1585 2592 corporalibus

206 2595 419 2644 evitandis
432 2612 581 2642 eorum
598 2633 609 2652 ‚
629 2612 709 2658 pro
732 2596 894 2658 quibus
918 2597 1030 2657 agis,
1055 2614 1132 2643 nos
1147 2596 1427 2655 invidiosius,
1452 2617 1584 2662 quam
