1902 3268
331 294 422 340 352
737 301 771 330 s.
816 298 1058 330 Aucusrixi
1094 298 1293 328 nriscovi

330 371 590 435 ignorabant
615 364 970 414 necessitudinem
998 374 1189 409 nostram
1209 401 1218 417 ‚
1242 374 1284 408 et
1316 373 1462 409 utrum
1487 374 1526 410 te
1552 364 1618 410 vel
1638 374 1702 408 te·-

334 445 477 492 nuiter
504 456 667 487 nossem
695 436 868 500 penitus
903 434 1153 479 nesciebant
1185 434 1492 496 praedicatores
1516 434 1577 479 tui
1603 472 1612 490 ,
1650 450 1702 478 ne

335 515 469 574 magis
492 529 561 557 eos
579 508 759 554 auribus
783 506 886 550 meis
911 521 952 549 se
971 503 1153 559 dedisse,
1182 521 1313 567 quam
1331 522 1431 550 vera
1455 504 1508 550 de
1527 516 1567 551 te
1583 522 1702 567 spur»

337 602 432 646 gere
456 580 690 628 crederem.
724 575 795 620 lbi
818 574 931 619 enim
949 583 1011 619 est
1037 591 1058 618 a
1082 573 1271 618 vanitate
1299 585 1464 619 remota
1488 575 1700 632 laudatio,

341 655 418 702 ubi
437 652 565 698 etiam
587 646 851 711 vituperatio
875 644 932 690 ab
962 644 1196 690 offensione
1215 660 1365 690 secura
1387 656 1462 691 est.
1488 645 1712 692 Verumta-

341 743 437 772 men
463 762 472 776 ,
497 741 521 768 o
561 721 692 767 frater
723 717 902 773 eximie,
936 727 978 761 et
1006 715 1291 760 sincerissima
1313 714 1544 761 dilectione
1571 717 1712 762 hono-

345 795 508 849 rabilis,
535 811 620 839 non
638 807 756 836 nunc
781 787 1007 834 docendus
1031 804 1090 843 es,
1111 786 1184 831 sed
1202 785 1378 832 fortasse
1398 786 1713 841 admonendus,

342 882 514 914 omnem
541 865 664 909 istam
692 859 872 920 gloriam
898 858 1149 919 famamque
1180 856 1440 919 popularem
1463 875 1552 903 non
1578 859 1620 903 in
1647 876 1718 903 ore

342 937 463 996 vulgi
490 951 576 980 esse
609 930 843 977 laetabilem
862 966 872 985 ,
905 928 979 974 sed
1009 928 1054 973 in
1091 928 1221 973 rebus
1248 928 1386 991 ipsis:
1417 945 1517 991 quae
1553 929 1719 974 etiamsi

343 1008 475 1067 vulgo
499 1003 760 1067 displiceant
783 1036 793 1056 ,
822 999 1006 1063 proprio
1043 1009 1185 1044 tamen
1221 998 1387 1058 fulgore
1418 1016 1466 1044 ac
1491 999 1685 1063 pondere
1707 1036 1717 1055 ,

344 1096 433 1126 non
450 1074 755 1138 imperitorum
782 1068 1162 1116 commendatione
1187 1070 1390 1132 pretiosae
1407 1081 1540 1116 sunt:
1569 1070 1722 1131 magis-

345 1166 430 1213 que
458 1142 727 1191 miserandus
745 1150 833 1196 est,
857 1139 934 1203 qui
971 1138 1073 1184 talia
1107 1139 1357 1201 improbat,
1389 1157 1520 1203 quani
1547 1140 1618 1185 ille
1648 1139 1724 1203 qui

349 1219 402 1265 de
428 1216 590 1262 talibus
609 1211 887 1275 improbatur
911 1208 1181 1269 judicandus
1210 1209 1349 1256 miser.
1378 1211 1490 1255 Cum
1513 1227 1613 1256 vero
1631 1210 1726 1273 pla-

349 1297 465 1342 cent,
490 1296 530 1331 et
554 1283 638 1330 sibi
665 1281 813 1327 debita
837 1279 966 1325 laude
990 1279 1261 1343 populariter
1284 1295 1460 1344 quoque
1481 1280 1725 1344 praedican-

348 1373 443 1415 tur,
480 1373 560 1403 nec
598 1355 658 1400 sic
695 1352 871 1416 quidem
910 1352 1017 1415 ipsae
1065 1355 1249 1411 majores
1292 1352 1573 1416 melioresque
1615 1352 1728 1397 fiunt

351 1432 488 1478 alieno
513 1425 709 1487 Judici03
736 1423 944 1487 quoniam
982 1423 1255 1483 integrantur
1275 1423 1428 1469 intima
1455 1423 1633 1470 veritate
1650 1460 1659 1478 ,
1687 1432 1728 1467 et

351 1500 484 1547 solius
506 1494 783 1543 conscientiae
814 1493 972 1538 robore
1001 1492 1255 1540 solidantur.
1284 1493 1410 1539 Unde
1428 1494 1560 1554 magis
1579 1493 1728 1538 homi-

352 1570 484 1617 nibus
503 1578 617 1613 recte
643 1563 1003 1619 existimantibus,
1029 1579 1160 1626 quam
1182 1563 1237 1619 ei,
1266 1563 1318 1609 de
1340 1580 1427 1627 quo
1449 1564 1603 1624 vulgus
1620 1564 1731 1609 bene

354 1640 582 1693 existimat,
608 1634 774 1698 aliquid
793 1651 902 1680 exeo
928 1633 1145 1679 felicitatis
1164 1634 1369 1680 acciditst·

421 1711 504 1756 ΙΙΙ.
529 1709 643 1764 Quae
671 1722 772 1751 cum
806 1704 971 1769 optime
995 1704 1164 1750 noveris
1183 1741 1194 1761 ,
1228 1705 1297 1750 vir
1321 1705 1462 1761 bone,
1498 1705 1666 1750 intuere
1687 1714 1734 1749 ut

358 1780 533 1845 coepisti
562 1776 796 1823 fortissima
825 1774 970 1820 cordis
995 1775 1085 1820 acie
1115 1774 1353 1820 Dominum
1376 1786 1571 1822 nostrum
1592 1779 1734 1821 Jesum

360 1851 605 1904 Christum,
627 1858 669 1893 et
696 1846 752 1891 ab
777 1846 896 1891 omni
920 1845 1039 1890 inani
1060 1845 1171 1891 fastu
1201 1845 1379 1890 omnino
1405 1846 1703 1892 detumescens
1722 1883 1732 1899 ‚

361 1938 531 1982 assurge
554 1920 600 1965 in
623 1918 766 1974 illum,
785 1917 860 1982 qui
886 1935 974 1962 non
994 1928 1168 1963 ventose
1191 1916 1346 1963 allevat
1360 1935 1586 1964 conversos
1603 1917 1656 1964 ad
1675 1935 1734 1970 se,

360 1993 434 2040 sed
473 1990 599 2037 certis
636 1988 736 2036 fidei
784 1988 985 2050 passibus
1029 1988 1260 2032 innitentes
1299 1998 1427 2050 atque
1466 1988 1739 2034 ascendentes

362 2063 551 2110 collocat
577 2060 621 2105 in
648 2058 911 2121 sempiterno
945 2056 1113 2117 fastigio
1155 2056 1340 2102 coelestis
1373 2069 1502 2122 atque
1535 2059 1741 2120 angelicae

363 2134 599 2196 dignitatis,
627 2135 709 2177 Per
730 2148 859 2194 quem
884 2141 924 2176 te
945 2131 1123 2177 obsecro
1152 2141 1200 2175 ut
1224 2131 1434 2176 rescribas
1458 2131 1598 2191 mihi,
1628 2142 1742 2178 tuos-

363 2224 448 2271 que
479 2220 627 2250 omnes
663 2202 782 2265 quod
821 2201 867 2247 in
906 2201 1109 2246 Sinitensi
1156 2200 1222 2246 vel
1256 2201 1531 2264 Hipponensi
1573 2201 1739 2258 habes,

368 2277 424 2323 ad
459 2273 691 2321 catholicae
729 2272 935 2317 Ecclesiae
973 2272 1325 2317 communionem
1364 2272 1544 2317 comiter
1584 2283 1624 2318 et
1662 2273 1744 2318 be-

367 2349 496 2406 nigne
529 2343 785 2391 adhorteris.
817 2346 867 2387 In
898 2346 1022 2402 cujus
1053 2342 1215 2401 gremio
1246 2342 1374 2387 etiam
1410 2353 1578 2405 patrem
1618 2360 1744 2388 suum

368 2416 633 2464 laudabilem
674 2424 717 2460 et
763 2413 981 2473 egregium
1025 2414 1169 2458 virum
1216 2414 1293 2458 abs
1333 2424 1374 2457 te
1420 2414 1613 2473 genitum
1659 2430 1746 2459 esse

371 2487 588 2548 cognovi3
617 2502 746 2548 quem
776 2494 823 2529 ut
847 2484 995 2529 debito
1025 2484 1185 2528 meritis
1218 2487 1308 2543 ejus
1340 2502 1361 2528 a
1387 2501 1454 2528 me
1492 2484 1634 2529 officio
1678 2501 1745 2528 sa-

368 2559 479 2605 lutes
520 2567 620 2620 peto
642 2593 652 2612 ,
700 2566 742 2600 et
775 2572 851 2601 nos
886 2555 1020 2602 Visere
1060 2572 1147 2600 non
1190 2555 1388 2615 graveris.
1440 2554 1570 2611 Quod
1619 2555 1746 2600 etiam

420 2642 431 2664 1
455 2643 548 2672 Forte
565 2639 695 2671 aceedit.
