1902 3268
637 299 846 332 rvrsToLA
884 300 1003 331 cxxi.
1424 287 1517 345 [213

142 367 300 434 spiritu
321 368 462 429 agitur
486 367 762 415 invisibiliter
786 384 796 413 t
821 366 936 413 unde
969 366 1062 412 laus
1092 369 1183 428 ejus
1202 385 1289 414 non
1310 385 1356 414 ex
1373 369 1517 416 homi-

141 441 273 487 nibus
294 450 378 495 est,
404 437 476 484 scd
501 455 548 484 ex
574 439 681 486 Deo.
705 460 724 480 »

208 512 283 560 lv.
324 533 344 554 α
365 510 534 557 Deinde
554 510 673 576 quod
692 509 839 571 jungit
859 509 904 555 in
920 508 1071 555 eodem
1092 510 1320 565 versiculo,
1342 533 1362 552 «
1386 512 1518 558 Miras

141 581 282 629 »fecit
314 581 561 628 voluntates
585 597 680 627 suas
712 580 824 626 inter
850 579 980 626 illos:
1004 601 1024 622 ›>
1054 580 1183 626 credo
1218 598 1264 627 ex
1293 598 1342 627 eo
1381 581 1515 635 dicit,

140 652 261 717 quod
288 652 392 717 ipsis
410 652 603 716 primum
623 651 845 697 lucernam
865 650 988 711 Legis
1004 650 1218 707 accendit,
1241 662 1519 717 etpraecepta

140 723 316 771 vivendi
331 721 465 769 dedit.
491 743 509 764 «
529 723 664 768 Notas
683 721 815 777 enim,
835 721 992 783 inquit,
1008 720 1110 766 fecit
1134 720 1224 767 vias
1243 739 1336 767 suas
1355 723 1515 785 Moysi,

142 808 163 836 ›2'
179 804 222 839 et
245 793 344 839 filiis
365 792 502 838 lsra‘el
528 791 772 838 voluntates
792 807 888 836 suas
904 788 938 836 1.
964 811 984 832 ›³
1009 789 1175 836 Deinde
1201 790 1346 854 ipsum
1372 793 1518 854 pieta-

140 864 195 910 tis
214 880 304 910 suae
326 873 641 910 sacramentum
659 861 705 907 in
725 862 829 924 ipsis
848 869 1051 923 operatus
1068 871 1129 906 est
1144 897 1154 917 ‚
1176 871 1302 907 natus
1322 861 1367 907 in
1389 879 1519 908 carne

140 950 189 982 ex
212 935 378 995 virgine
399 936 515 981 Deus
539 934 583 979 in
606 943 730 993 gente
752 932 949 995 ipsorum
971 968 980 987 ‚
1016 941 1059 976 et
1091 930 1144 976 de
1168 948 1296 977 carne
1323 932 1518 995 ipsorum

138 1004 280 1052 factus
298 1022 347 1051 ex
366 1004 526 1050 semine
546 1002 688 1050 David
704 1002 855 1048 homo.
883 1000 1050 1047 Deinde
1067 1002 1247 1048 virtutes
1264 1003 1516 1060 sanitatum,

139 1092 248 1140 quas
273 1075 319 1121 in
342 1074 448 1139 ipsis
471 1085 514 1120 et
545 1090 692 1120 coram
715 1072 820 1137 ipsis
851 1070 1046 1135 perfecit.
1088 1071 1176 1128 Qui
1204 1089 1284 1135 per
1308 1072 1405 1118 haec
1432 1089 1517 1118 non

138 1146 273 1193 modo
301 1144 492 1192 creditus
516 1161 600 1190 non
622 1154 710 1200 est,
738 1143 811 1190 sed
844 1153 886 1189 et
910 1141 1241 1205 blasphematus
1264 1153 1326 1188 est
1351 1143 1406 1188 ab
1428 1143 1486 1189 eis
1504 1180 1517 1200 ,

139 1225 242 1264 'cum
268 1216 463 1262 dicerent
485 1233 496 1261 ε
523 1236 545 1257 «
565 1215 650 1261 Hic
676 1214 812 1260 homo
831 1213 865 1259 si
889 1230 911 1258 a
936 1213 1028 1258 Deo
1059 1223 1186 1270 esset,
1223 1229 1311 1258 non
1350 1224 1520 1258 curaret

138 1306 162 1331 2>
180 1286 406 1333 sabbatis2
428 1303 439 1331 ε
461 1296 538 1332 »et
556 1323 566 1340 ‚
594 1306 615 1327 c<
636 1285 734 1330 Non
763 1284 880 1344 ejicit
910 1282 1129 1328 daemonia
1164 1283 1245 1329 nisi
1274 1284 1319 1329 in
1342 1283 1516 1329 Beelze—

139 1377 163 1401 »
178 1357 276 1404 bub
298 1357 502 1422 principe
530 1356 851 1402 daemoniorum
871 1354 902 1401 ³.
928 1375 948 1396 >2
976 1354 1165 1418 Propter
1189 1353 1304 1400 hanc
1330 1365 1516 1400 mentem

139 1427 358 1475 obdurata
376 1427 599 1491 impietate
622 1435 832 1472 caecatam
846 1461 858 1482 ‚
886 1423 1191 1488 multiplicatae
1208 1435 1309 1470 sunt
1332 1424 1520 1470 infirmi-

139 1508 227 1549 tata
248 1509 290 1545 et
312 1499 504 1545 tenebra}
529 1515 695 1545 eorum.
719 1517 740 1539 >2

149 1564 159 1572 ’
205 1570 258 1617 V.
299 1590 321 1611 «
338 1567 423 1615 Sed
440 1568 549 1633 quid
570 1579 632 1614 est
654 1565 775 1632 quod
794 1566 874 1623 ait,
895 1587 915 1607 «
931 1569 1084 1612 Postea
1109 1564 1486 1611 acceleraverunt?
1504 1588 1523 1606 »

140 1640 299 1686 Utrum
316 1641 361 1685 in
374 1638 678 1703 poenitentiam
689 1674 700 1693 ‚
719 1637 831 1682 sicut
849 1635 911 1682 illi
931 1635 977 1681 in
993 1635 1176 1682 Actibus
1191 1635 1520 1698 Apostolorum,

139 1705 219 1774 qui
244 1709 359 1755 beati
391 1707 509 1754 Petri
537 1706 855 1771 praedicatione
895 1703 1201 1768 compuncti-4,
1243 1703 1525 1751 crediderunt

139 1777 186 1827 in
207 1797 308 1826 eum
338 1795 470 1844 quem
500 1777 829 1832 crucifixerant,
859 1786 902 1821 et
934 1775 1181 1821 festinantes
1214 1785 1336 1821 tanto
1360 1776 1522 1839 expiari

139 1861 350 1915 peccato,
381 1849 435 1895 ad
467 1849 630 1895 donum
655 1848 806 1908 gratiae
832 1849 1154 1892 cucurrerunt?
1184 1848 1250 1891 An
1289 1862 1390 1893 vero
1421 1847 1522 1909 quia

139 1921 323 1968 virtutes
340 1919 497 1966 animae
528 1932 576 1964 ex
607 1917 694 1963 fide
719 1927 760 1963 et
784 1916 996 1962 charitate
1023 1916 1103 1961 Dei
1128 1914 1410 1971 roborantur,
1439 1914 1523 1961 illis

140 1991 289 2055 i‘mpiis
330 2000 520 2052 utroque
563 1987 714 2034 vacuis
763 1985 1073 2049 multiplicatae
1112 1995 1212 2031 sunt
1253 1984 1525 2030 infirmitates

141 2061 301 2108 animae
322 2078 372 2107 ex
392 2059 615 2123 impietate
639 2057 847 2104 scelerum
873 2055 1104 2101 mortiferis
1131 2054 1417 2116 languoribus
1441 2072 1522 2102 oc-

141 2134 350 2196 cupatae?
372 2130 578 2176 Christus
594 2129 752 2174 etenim
781 2127 928 2174 lumen
953 2138 995 2172 et
1020 2127 1106 2172 vita
1136 2125 1408 2172 credentium
1432 2136 1520 2182 est,

143 2212 187 2247 et
210 2201 370 2247 sanitas
393 2199 476 2245 sub
505 2198 659 2263 pennis
691 2201 783 2257 ejus
805 2215 815 2242 :
846 2196 961 2242 unde
985 2213 1072 2241 non
1098 2196 1255 2241 mirum
1285 2195 1318 2241 si
1343 2205 1385 2240 et
1404 2205 1526 2239 tene·

142 2272 238 2318 brae
255 2282 297 2318 et
313 2270 586 2317 infirmitates
606 2285 755 2314 eorum
774 2267 1081 2331 multiplicatae
1098 2276 1199 2312 sunt
1213 2267 1257 2311 in
1281 2265 1521 2320 interitum,

143 2342 221 2406 qui
243 2342 376 2389 vitam
401 2350 443 2386 et
471 2339 615 2385 lucem
638 2355 725 2384 non
762 2347 1047 2401 receperunt,
1083 2352 1223 2399 neque
1257 2334 1340 2380 sub
1372 2334 1526 2398 pennis

143 2416 232 2472 eJ'us
254 2428 426 2458 manere
449 2408 682 2456 voluerunt
710 2425 719 2453 :
741 2424 850 2471 quos
867 2444 877 2460 ,
906 2417 955 2452 ut
974 2406 1066 2469 ipse
1096 2405 1202 2451 flens
1224 2404 1270 2450 in
1290 2403 1527 2464 Evangelio

143 2499 222 2529 suo
240 2491 523 2547 protestatur,
550 2495 666 2543 saepe
690 2477 828 2525 voluit
861 2492 1122 2536 congregare
1141 2475 1226 2521 sub
1262 2474 1349 2521 alas
1379 2473 1523 2526 suas⁵‚

150 2580 156 2595 ''
194 2581 300 2615 ¹Psal.
314 2592 373 2623 cn,
394 2591 483 2621 7.-
499 2577 514 2600 ²
528 2580 622 2611 Joan.
641 2587 687 2616 ix,
712 2578 764 2610 ¹6.
783 2593 826 2600 ·——-
842 2573 857 2599 3
872 2574 990 2608 Matth.
1012 2585 1073 2613 ιιι,
1090 2581 1143 2611 24.
1157 2590 1202 2598 --
1220 2571 1236 2596 ⁴
1261 2576 1334 2608 Act.
1350 2585 1392 2613 n,
1414 2575 1467 2613 37,
1481 2587 1527 2595 -—·

143 2637 157 2661 ⁵
178 2639 292 2670 Manli,
312 2648 408 2682 xxxin,
426 2638 483 2681 37.
