1902 3268
375 259 474 315 ,426
805 273 839 304 5.
883 272 1130 305 AUGus‘rmi
1165 274 1371 308 Emscori

376 339 451 387 sed
478 338 720 385 horrendas
752 355 907 417 poenas
937 339 1051 399 ignis
1078 341 1242 389 aeterni.
1280 344 1393 389 Nam
1419 343 1453 389 si
1479 345 1609 392 modo
1637 356 1757 393 tanta

376 427 501 468 cu1a,
534 421 650 455 tanta
672 410 930 466 intentione,
952 421 1073 456 tanto
1094 412 1245 459 labore
1271 414 1423 474 agitis,
1444 433 1496 462 ne
1524 417 1569 462 in
1591 417 1758 481 aliquos

375 482 594 528 cruciatus
610 481 878 526 transit01ios
894 480 1118 528 incidatis·
1109 495 1354 546 ,quantum
1376 503 1453 533 Vos
1477 499 1650 551 oportet
1668 506 1755 535 csse

373 553 605 608 sollicitos,
638 562 685 597 ut
718 551 1000 614 sempitelnas
1038 553 1227 599 miserias
1261 555 1470 615 fugiatis?
1506 560 1562 604 Et
1584 559 1617 604 si
1642 576 1758 605 mors

373 625 435 670 sic
456 624 650 680 timetur,
675 639 774 685 quae
794 622 891 667 finit
909 624 1188 686 temporalem
1212 624 1433 683 laborein3
1455 628 1677 691 quomodo
1698 630 1757 675 ti-

372 693 533 740 menda
555 704 617 738 est
635 730 646 749 ,
669 709 770 756 quae
793 693 928 738 mittit
949 693 996 738 in
1017 705 1232 740 aeternum
1253 694 1479 743 dolorem?
1510 698 1566 742 Et
1586 698 1619 742 si
1640 697 1756 744 dcli-

373 765 453 810 ciae
493 763 641 810 saeculi
682 764 815 822 hujus
833 800 843 819 ,
879 763 1031 811 breves
1072 774 1114 809 et
1150 764 1338 811 sordid-ce
1364 803 1374 822 ,
1417 767 1477 812 sic
1519 779 1720 814 amantur
1742 788 1755 823 ;

374 845 538 899 quanto
563 833 861 880 vehementius
884 834 1021 880 futuri
1040 834 1191 881 saeculi
1214 834 1373 896 gaudia
1392 854 1504 900 pura
1521 848 1563 883 et
1588 838 1758 884 infinita

374 904 612 968 quaerenda
640 907 773 950 sunt?
799 905 886 950 Ista
909 905 1148 964 cogitantes
1174 906 1305 953 nolite
1331 924 1416 952 esse
1440 907 1554 971 pigri
1577 908 1623 954 in
1648 925 1757 972 ope-

370 975 494 1021 ribus
522 975 649 1021 bonis
667 1012 678 1030 ,
708 985 756 1020 ut
797 975 851 1020 ad
888 975 1015 1022 vestri
1042 976 1215 1022 seminis
1240 994 1419 1023 messem
1444 994 1522 1025 suo
1561 989 1759 1042 tempore

371 1056 567 1092 veniatis.

436 1118 496 1163 ΙΙ.
527 1117 789 1163 Nuntiatum
815 1116 931 1161 enim
958 1127 1020 1162 est
1048 1117 1187 1174 mihi,
1217 1118 1338 1181 quod
1367 1135 1534 1165 morem
1558 1131 1751 1167 vestrum

371 1187 425 1233 de
445 1188 674 1234 vestiendis
692 1188 964 1251 pauperibus
985 1186 1153 1234 fueritis
1174 1189 1326 1244 obliti,
1353 1189 1409 1235 ad
1431 1206 1565 1253 quam
1581 1191 1751 1238 miseri-

370 1257 566 1304 cordiam
591 1276 693 1304 cum
711 1275 902 1323 praesens
925 1275 1058 1304 essem
1076 1276 1150 1305 vos
1168 1259 1418 1305 exhortatus
1443 1276 1557 1317 sum,
1578 1271 1620 1306 et
1635 1278 1754 1308 nunc

371 1329 593 1386 exhortor,
621 1347 674 1375 ne
692 1346 768 1376 vos
790 1329 937 1376 vincat
955 1366 967 1386 ,
989 1340 1030 1374 et
1056 1329 1205 1393 pigros
1225 1330 1357 1376 faciat
1387 1331 1594 1377 contritio
1625 1331 1760 1393 hujus

370 1399 552 1456 mundi,
572 1401 644 1446 cui
665 1400 766 1446 talia
788 1400 942 1446 videtis
964 1400 1159 1446 accidere
1174 1437 1184 1456 ,
1210 1401 1357 1465 qualia
1384 1401 1596 1448 Dominus
1618 1412 1661 1448 et
1673 1403 1758 1450 Re-

368 1469 574 1534 demptor
602 1481 764 1527 noster,
797 1471 873 1533 qui
895 1470 1070 1516 mentiri
1105 1488 1192 1516 non
1216 1482 1390 1534 potest,
1416 1483 1597 1518 ventura
1631 1490 1756 1536 prae-

369 1539 489 1587 dixit.
528 1541 626 1586 Non
656 1540 797 1586 solum
829 1558 929 1600 ergo
954 1558 1042 1586 non
1068 1540 1235 1586 debetis
1268 1541 1412 1588 minus
1446 1541 1587 1588 facere
1624 1560 1756 1606 opera

367 1611 700 1667 misericoidiae
733 1611 807 1657 sed
842 1613 972 1656 etiun
1001 1611 1167 1657 debetis
1199 1612 1387 1675 amplius
1422 1630 1556 1677 quam
1593 1614 1749 1662 soletis.

369 1681 492 1726 Sicut
515 1681 630 1727 enim
658 1681 713 1727 ad
750 1682 846 1727 loca
870 1681 1105 1727 munitiora
1128 1681 1400 1728 festinantius
1432 1683 1649 1743 migrant,
1679 1684 1757 1748 qui

365 1752 537 1798 ruinam
567 1751 724 1798 domus
747 1752 896 1798 vident
926 1753 1123 1798 contlitis
1149 1753 1423 1816 parietibus
1413 1754 1671 1800 lmminere:
1694 1755 1757 1801 sic

368 1823 502 1870 corda
522 1823 761 1869 christiana
781 1834 948 1886 quanto
972 1841 1070 1883 ma<
1076 1823 1108 1868 is
1129 1824 1322 1869 sentiunt
1339 1824 1493 1870 mundi
1513 1825 1648 1885 hujus
1667 1826 1755 1872 rui-

366 1913 469 1942 nam
491 1894 866 1941 crebrescentibus
890 1894 1251 1940 tribulationibus
1275 1895 1575 1959 propinquare
1591 1933 1602 1952 ,
1635 1906 1755 1942 tanto

364 1967 502 2027 magis
524 1965 686 2011 debent
705 1965 844 2014 bona,
868 1982 969 2028 quae
987 1965 1032 2010 in
1053 1976 1165 2010 terra
1187 1965 1421 2012 recondere
1440 1965 1750 2029 disponebant,

360 2038 407 2084 in
434 2038 685 2082 thesaurum
712 2035 927 2081 coelestem
958 2035 1146 2098 impigra
1179 2036 1395 2081 celeritate
1420 2035 1680 2091 transferre3
1707 2047 1755 2084 ut

365 2108 399 2154 si
424 2106 579 2170 aliquis
604 2105 825 2151 humanus
851 2122 973 2151 casus
1002 2105 1240 2161 acciderit,
1267 2105 1454 2166 gaudeat
1479 2107 1557 2170 qui
1579 2106 1752 2154 deloco

362 2178 541 2225 ruinoso
555 2176 783 2237 emigravit
805 2194 815 2221 ε
837 2176 870 2221 si
888 2186 1031 2222 autem
1052 2175 1164 2221 nihil
1191 2175 1273 2222 tale
1294 2175 1744 2236 fueritsubsecutum,

363 2267 452 2295 non
480 2248 759 2294 contristetur
796 2247 872 2310 qui
905 2247 1171 2311 quandoque
1202 2247 1470 2305 moriturus,
1508 2248 1749 2296 immortali

361 2318 554 2366 Domino
574 2355 585 2375 ‚
608 2317 662 2364 ad
683 2335 812 2382 quem
833 2328 1040 2364 venturus
1065 2328 1155 2373 est,
1180 2317 1296 2364 bona
1315 2318 1498 2382 propria
1517 2335 1747 2366 commen-

362 2390 499 2437 davit.
526 2391 697 2453 Itaque,
725 2389 875 2435 fratres
894 2389 976 2434 mei
995 2388 1280 2446 dilectissimi,
1291 2406 1338 2435 ex
1355 2406 1405 2436 eo
1425 2389 1546 2453 quod
1568 2390 1751 2455 quisque

363 2462 523 2517 habet,
551 2460 791 2507 secundum
811 2477 909 2506 suas
928 2461 1039 2507 vires
1061 2477 1169 2524 quas
1196 2460 1289 2523 ipse
1308 2460 1455 2517 novit,
1478 2460 1608 2507 facite
1626 2461 1748 2526 quod

357 2532 525 2589 soletis,
553 2531 762 2579 alacriore
782 2532 928 2578 animo
951 2549 1083 2596 quam
1107 2531 1250 2578 soletis
1266 2569 1277 2588 ‚
1297 2541 1339 2577 et
1358 2531 1471 2577 inter
1493 2548 1641 2577 omnes
1660 2548 1745 2578 sae-

355 2602 444 2650 culi
478 2602 612 2663 huJus
661 2602 877 2649 molestias
910 2600 1196 2666 apostolicam
1231 2600 1579 2650 exhortationem
1613 2600 1745 2648 corde
