1902 3268
696 327 906 360 zris'rom
945 327 1064 358 cxix.
1472 308 1564 375 393

191 421 212 442 >>
229 396 613 463 comprehendatis
629 394 645 425 1
667 413 677 440 ε
703 417 723 437 ›>
749 395 1032 459 Quapropter
1055 392 1124 440 via
1154 392 1235 439 ista
1275 410 1407 457 quam
1432 394 1577 441 curri—

191 486 306 526 mus,
334 485 423 514 non
451 468 590 514 solum
614 465 899 529 relinquenda
931 464 1085 519 nobis,
1128 463 1411 510 verumetiam
1443 463 1580 509 inter-

191 538 407 587 cludenda
431 549 561 602 atque
584 536 865 601 praecidenda
884 547 966 592 est,
986 553 1039 581 ne
1059 535 1170 581 forte
1190 534 1320 581 etiam
1344 552 1414 581 eos
1433 534 1578 580 fallaci

191 609 436 656 dilectionis
455 608 729 654 simulatione
753 606 1002 653 frustretur.
1027 607 1096 652 Tu
1116 606 1229 652 enim
1247 623 1335 651 non
1359 604 1575 651 editorum

187 685 278 742 jam
308 699 328 726 a
353 697 417 726 me
435 680 649 726 librorum
669 679 826 736 lector,
847 678 921 724 sed
943 677 1276 742 probandorum
1298 676 1574 733 emendator,

193 752 238 797 ni
267 751 410 806 fallor,
444 751 605 797 electus
632 767 687 797 es.
717 751 825 796 Nam
852 750 897 795 in
921 749 996 794 illa
1022 748 1229 812 epistola,
1254 764 1388 812 quam
1424 748 1467 793 in
1497 747 1580 793 illis

193 823 296 868 meis
319 821 476 867 libellis
497 821 617 867 velut
640 819 1025 885 praefatiunculam
1046 856 1057 874 ‚
1086 818 1291 882 praetuli,
1318 817 1578 878 hujusmodi

193 893 326 940 verba
347 892 595 955 conscripta
617 902 718 936 sunt
739 909 750 936 ε
778 912 798 932 α
816 890 992 936 Placuit
1009 927 1020 946 ,
1044 890 1224 953 inquam
1244 927 1255 946 ‚
1282 889 1578 935 fluctuantem

195 963 335 1009 »fidei
359 973 517 1009 nostrae
541 961 744 1025 cymbam
768 998 780 1018 ,
807 961 922 1006 beati
951 960 1183 1021 Augustini
1212 959 1410 1024 episcopi
1435 958 1577 1004 stabi-

195 1034 312 1080 »lire
349 1032 570 1079 sententia.
603 1053 623 1074 ›>
657 1032 750 1078 Cur
777 1049 854 1092 ego
883 1032 951 1078 vir
974 1031 1187 1078 doctrinae
1207 1031 1368 1091 hujus,
1398 1047 1500 1094 quae
1533 1030 1579 1075 in

196 1104 374 1150 Christo
396 1113 459 1150 est
476 1103 649 1149 eulmen
670 1140 680 1159 ‚
709 1119 885 1163 arguere
909 1102 1055 1166 palam
1075 1101 1384 1162 corrigendum
1409 1099 1463 1146 de
1489 1116 1579 1146 cae-

195 1186 286 1222 tero
321 1175 460 1222 filium
498 1174 695 1228 dubitas,
737 1191 837 1220 cum
878 1173 1102 1220 sententiae
1136 1184 1226 1220 tuae
1267 1172 1461 1218 anchora
1497 1170 1579 1217 nisi

196 1263 388 1292 morsum
411 1245 538 1291 altius
563 1245 790 1308 presserit,
812 1261 889 1291 nos
910 1244 1068 1290 certius
1092 1243 1285 1289 stabilire
1301 1259 1387 1288 non
1406 1241 1543 1305 possit
1561 1243 1579 1286 ‚0

198 1318 295 1363 Non
324 1316 439 1363 enim
474 1315 578 1363 levis
610 1326 684 1361 aut
709 1315 885 1379 culpata
905 1316 1089 1378 quaeatio
1109 1351 1119 1371 ,
1148 1314 1193 1360 in
1216 1330 1302 1378 qua
1326 1330 1415 1359 non
1440 1311 1581 1357 solum

197 1387 310 1433 nihil
333 1386 547 1451 profecit,
574 1386 857 1432 verumetiam
889 1395 1018 1449 post,
1043 1395 1091 1431 ut
1115 1403 1136 1431 a
1158 1396 1199 1431 te
1221 1384 1451 1430 fortissime
1481 1381 1582 1428 dic-

197 1469 291 1504 tum
310 1468 400 1514 est,
423 1457 683 1504 idololatriae
712 1456 877 1502 crimen
910 1456 1084 1502 caecitas
1122 1466 1283 1501 nostrae
1311 1452 1584 1515 cogitationis

197 1528 397 1576 incurrit.
433 1529 560 1574 Hanc
581 1545 603 1574 a
627 1538 667 1573 te
692 1537 818 1573 caute
838 1526 1165 1590 prudenterque
1199 1525 1360 1572 discuti
1395 1523 1549 1571 vellem
1567 1559 1579 1578 ‚

200 1608 250 1644 ut
271 1598 485 1645 doctrinae
508 1609 597 1645 tuae
617 1598 866 1662 ingeniique
889 1599 1095 1644 serenitas
1117 1598 1179 1644 ita
1200 1596 1407 1643 nebulam
1425 1605 1585 1641 nostrae

202 1670 356 1728 mentis
376 1671 595 1731 abstergat
609 1708 619 1727 ,
647 1681 696 1716 ut
711 1669 831 1733 quod
850 1686 968 1715 nune
989 1670 1180 1730 cogitare
1206 1685 1295 1714 non
1320 1683 1580 1732 possumUS,

201 1740 497 1801 intelligentiae
520 1759 542 1786 a
560 1751 599 1787 te
617 1740 781 1787 lumine
812 1740 1080 1786 declaratum
1098 1778 1109 1797 ‚
1144 1739 1307 1786 oculis2
1342 1737 1487 1784 cordis
1513 1737 1584 1783 vi-

202 1811 305 1858 dere
330 1812 561 1859 valeamus.
588 1811 827 1858 Incolumis
848 1829 898 1857 ac
918 1812 1073 1858 beatus
1096 1812 1141 1858 in
1161 1821 1372 1861 aeternum
1392 1808 1476 1855 mei
1499 1825 1586 1854 me-

204 1899 300 1928 mor
323 1882 515 1929 eoelestia
538 1900 666 1944 regna
697 1882 912 1947 possideas
931 1919 942 1938 ‚
965 1883 1152 1929 Domine
1176 1891 1324 1928 sancte
1346 1898 1395 1927 ac
1418 1879 1583 1926 beatis-

203 1969 308 1998 Slme
329 1969 462 2017 papa.
485 1973 507 1994 ))

256 2051 266 2074 ¹
285 2064 299 2084 1
319 2054 397 2086 Cor.
411 2065 459 2092 ix,
475 2061 530 2092 24.
547 2071 591 2078 -—
609 2053 624 2076 2
642 2056 740 2085 Forte
758 2053 1006 2099 quodammodo,
