1902 3268
671 303 886 337 amsa-om
922 305 1023 338 cxx.
1451 296 1545 353 403

173 389 426 442 possumus,
453 380 626 437 oportet
647 387 740 417 eam
756 381 797 417 et
818 371 875 418 ab
894 373 1098 420 omnibus
1118 374 1379 439 corporibus
1396 411 1408 430 ‚
1433 388 1474 424 et
1492 377 1549 425 ab

174 446 378 494 omnibus
395 459 631 508 corporum
650 442 1011 490 similitudinibus
1030 462 1316 493 secernamus.

239 518 342 571 Xll.
374 516 420 562 Si
444 526 587 562 autem
603 514 648 560 in
663 513 784 560 nullo
806 514 987 561 istorum
1010 534 1160 576 genere
1177 516 1371 581 putanda
1394 527 1456 563 est
1472 516 1553 564 ista

174 587 395 642 Trinita83
430 597 472 633 et
510 585 570 632 sic
602 595 664 631 cst
694 584 947 641 invisibilis,
976 598 1023 633 ut
1054 605 1134 634 nec
1160 599 1300 634 mente
1328 588 1555 645 videntum,

177 658 318 710 multo
343 657 487 704 minus
505 655 559 702 de
586 655 659 702 illa
678 655 933 715 hujusmodi
951 657 1202 721 opinionem
1230 658 1393 705 habere
1419 658 1558 705 debe-

177 746 275 778 mus
291 766 304 785 ‚
332 738 381 774 ut
397 745 491 774 eam
519 727 648 773 rebus
673 726 976 790 corporalibus
999 727 1064 773 vel
1088 729 1386 792 corporalium
1413 745 1559 776 rerum

177 799 443 860 imaginibus
475 797 660 844 similem
693 814 779 843 esse
810 796 1050 844 credamus,
1096 798 1192 844 Non
1225 799 1341 845 enim
1374 815 1561 862 corpora

179 868 514 935 pulchritudine
536 867 663 913 molis
687 877 761 912 aut
785 867 1083 927 magnitudine
1105 879 1311 932 superat,
1338 868 1410 914 sed
1435 868 1564 916 dissi-

179 940 429 992 militudine
463 956 513 989 ac
550 937 836 1002 disparilitate
870 949 1039 985 naturae
1068 956 1079 984 ε
1107 949 1147 985 et
1178 939 1212 985 si
1242 939 1427 986 discreta
1451 950 1514 986 est
1543 957 1566 988 a

180 1009 509 1074 comparatione
529 1009 750 1055 bonorum
767 1008 900 1055 animi
917 1009 1081 1065 nostri,
1109 1009 1253 1074 qualia
1278 1021 1377 1057 sunt
1399 1011 1567 1074 sapien-

178 1080 239 1135 tia
255 1080 449 1142 ‚Justitia
467 1117 479 1136 ‚
502 1079 694 1130 charitas
707 1116 719 1137 ‚
741 1080 916 1127 castitas
929 1118 940 1137 ,
957 1091 998 1126 et
1015 1092 1170 1128 caetera
1192 1081 1292 1131 talia
1308 1119 1319 1138 ,
1343 1099 1444 1145 quae
1465 1097 1568 1146 pro-

180 1151 298 1203 fecto
339 1151 453 1203 mole
489 1151 690 1214 corporis
729 1168 817 1196 non
853 1151 1087 1215 pendimus
1103 1189 1114 1209 ‚
1151 1170 1230 1199 nec
1259 1170 1411 1199 eorum
1445 1151 1572 1217 quasi

187 1239 418 1286 corporssas
447 1220 609 1273 formas
632 1221 895 1281 cogitatione
923 1223 1162 1283 figuramus
1179 1260 1190 1279 ‚
1219 1223 1291 1274 sed
1316 1241 1363 1273 ea
1391 1222 1571 1287 quando

182 1305 299 1348 recte
334 1292 614 1353 intelligimus
631 1328 642 1349 ‚
676 1293 766 1339 sine
802 1292 947 1357 aliqua
972 1294 1248 1357 corpulentia
1270 1294 1338 1342 vel
1361 1293 1570 1341 similitu-

180 1365 283 1418 dine
301 1363 592 1427 corpulentiae
609 1363 653 1409 in
674 1362 771 1409 luce
787 1364 940 1414 mentis
964 1365 1198 1428 aspicimus
1214 1383 1223 1421 3
1241 1376 1407 1429 quanto
1427 1375 1490 1411 est
1512 1363 1570 1419 ab

179 1434 376 1488 omnium
400 1433 664 1497 qualitatum
682 1443 724 1479 et
746 1435 1043 1497 quantitatum
1071 1436 1364 1499 corporalium
1386 1452 1567 1500 compa·

176 1505 347 1560 ratione
365 1504 625 1557 discretior?
653 1504 752 1551 Non
784 1522 880 1551 eam
919 1516 1064 1557 tamen
1102 1524 1126 1552 a
1158 1517 1306 1558 nostro
1338 1506 1567 1558 intellectu

177 1574 358 1628 omnino
382 1574 621 1628 abhorrere
640 1574 876 1638 Apostolus
897 1576 1014 1623 testis
1038 1588 1102 1622 est
1118 1614 1130 1634 ‚
1150 1578 1229 1627 ubi
1249 1579 1308 1624 ait
1331 1595 1342 1623 ε
1368 1599 1388 1621 «
1408 1577 1565 1630 Invisi-

181 1667 203 1693 η
224 1644 332 1697 bilia
353 1644 469 1698 enim
490 1662 514 1690 a
534 1646 845 1697 constitutione
860 1645 1033 1702 mundi,
1052 1664 1130 1710 per
1148 1664 1196 1698 ea
1212 1664 1314 1711 quae
1327 1648 1441 1700 facta
1462 1659 1564 1700 sunt

181 1736 202 1757 >2
218 1714 438 1768 intellecta
453 1714 802 1777 conspiciuntur,
831 1716 1092 1779 sempiterna
1115 1734 1292 1781 quoque
1308 1721 1401 1779 ejus
1423 1719 1564 1772 virtus

180 1807 203 1835 ῃ
221 1803 272 1839 ae
293 1785 553 1838 Divinitas&
576 1807 597 1829 ›>
615 1788 678 1833 Ac
695 1803 773 1850 per
799 1786 884 1838 hoc
904 1804 1005 1834 cum
1030 1787 1180 1840 eadem
1199 1789 1390 1840 Trinitas
1409 1789 1562 1842 fecerit,

181 1866 225 1911 et
246 1873 408 1920 corpus
426 1866 469 1902 et
491 1855 682 1906 ammam
700 1893 712 1913 ‚
737 1857 827 1904 sine
843 1856 1122 1904 dubitatione
1142 1869 1206 1910 est
1223 1872 1409 1925 utroque
1426 1877 1561 1924 praes-

181 1927 356 1979 tantior.
389 1927 545 1978 Anima
575 1927 722 1991 itaque
752 1927 1023 1979 considerata
1042 1966 1053 1985 ‚
1082 1929 1266 1976 maxime
1288 1929 1484 1978 humana
1516 1941 1562 1983 et

180 1997 402 2045 rationalis
437 2008 566 2061 atque
604 1998 934 2056 intellectualis,
975 2016 1076 2064 quae
1113 2000 1168 2046 ad
1205 2004 1297 2061 ejus
1326 2001 1559 2062 imaginem

179 2068 297 2121 facta
314 2079 403 2121 est.
429 2067 464 2114 si
485 2068 766 2129 cogitationes
785 2080 951 2116 nostras
968 2081 1010 2116 et
1032 2070 1335 2131 intelligentias
1357 2089 1445 2118 non
1462 2073 1556 2119 evi-

182 2140 313 2196 cerit,
350 2138 424 2185 sed
446 2143 537 2200 ejus
566 2139 686 2202 quod
721 2141 856 2186 habet
877 2142 1184 2205 praecipuum,
1224 2143 1269 2189 id
1299 2154 1386 2197 est,
1415 2145 1558 2206 ipsam

183 2219 371 2260 mentem
409 2220 539 2272 atque
572 2210 900 2270 intelligentiam
940 2224 1082 2258 mente
1114 2224 1244 2276 atque
1274 2213 1558 2273 intelligentia

182 2280 458 2346 potuerimus
480 2281 832 2344 apprehendere,
860 2299 949 2328 non
972 2284 1052 2328 erit
1076 2283 1263 2329 fortassis
1284 2283 1524 2330 absurdum
1542 2321 1554 2340 ,

183 2361 232 2405 ut
251 2368 346 2405 eam
374 2350 426 2403 ad
446 2367 573 2397 suum
608 2368 784 2415 quoque
811 2356 1059 2399 Creatorem
1084 2353 1412 2414 intelligendum
1428 2392 1440 2409 ‚
1463 2355 1559 2418 ipso

186 2420 420 2480 adjuvante
438 2421 696 2469 meditemur
710 2422 919 2478 attollereq
944 2423 988 2468 Si
1004 2434 1145 2470 autem
1166 2425 1209 2469 in
1223 2425 1369 2488 seipsa
1382 2424 1528 2472 deficit
1545 2445 1559 2480 ;

185 2490 357 2555 sibique
378 2493 654 2549 succumbit,
684 2493 755 2556 pia
776 2492 863 2539 fide
891 2504 1092 2541 contenta
1125 2494 1178 2540 sit
1205 2494 1404 2558 quandiu
1427 2513 1562 2559 pereq

185 2561 384 2622 grinatur
407 2579 432 2614 a
455 2562 666 2621 Domino,
697 2563 838 2618 donec
856 2565 934 2619 fiat
961 2564 1006 2617 in
1028 2564 1208 2618 homine
1227 2565 1347 2630 quod
1371 2565 1562 2630 promis*

235 2646 248 2668 ¹
263 2648 357 2678 Rom.
374 2658 400 2686 1,
422 2657 475 2679 ιο.

1358 2703 1431 2749 26.
