1902 3268
630 274 839 303 EPJSTOLA
877 274 1005 304 Lxxv.
1458 257 1516 320 73

148 362 230 409 pus
247 345 319 401 (ea
337 339 504 404 quippe
530 338 682 385 civitas
703 338 817 401 erat)
841 338 1094 385 Judaeorum
1118 339 1409 385 testimonium
1433 338 1518 384 ssa·-

148 417 295 475 gitare.
326 413 480 458 Utrum
515 420 658 455 autem
681 408 742 455 illi
767 410 1005 473 imperitia,
1037 429 1090 456 an
1115 409 1300 462 malitia,
1328 409 1415 454 boc
1433 425 1520 454 esse

145 487 191 532 in
222 483 410 530 hebraeis
445 480 673 526 codicibus
713 480 1052 544 responderunt,
1091 480 1208 544 quod
1243 490 1285 525 et
1312 477 1456 524 Graeci
1479 488 1521 523 et

145 554 290 601 Latini
319 552 570 607 habebant,
596 562 726 613 atque
751 550 970 598 dicebant.
1003 552 1122 608 Quid
1153 551 1306 615 plura?
1333 552 1522 596 Coactus

146 637 209 671 est
248 624 381 669 homo
418 622 534 668 velut
582 621 907 667 mendositatem
945 623 1157 682 corrigere
1179 659 1188 675 ‚
1238 620 1385 666 voleus
1424 629 1523 683 post

147 711 350 755 magnum
378 692 620 757 periculum
642 709 726 737 non
744 709 960 738 remanere
978 693 1067 737 sine
1086 691 1226 755 plebe.
1251 690 1374 736 Unde
1394 691 1521 734 etiam

147 765 273 812 nobis
294 764 466 810 videtur
490 763 724 826 aliquando
757 774 796 808 te
827 780 1002 826 quoque
1025 763 1071 809 in
1090 761 1308 808 nonnullis
1325 759 1415 806 falli
1438 776 1522 822 po-

148 836 287 882 tuisse.
316 859 335 876 »

211 908 309 952 XX.
342 929 359 946 -υ
382 906 499 950 Dicis
535 922 601 949 me
630 904 672 948 in
696 905 807 950 Jona
832 905 1051 968 propbeta
1085 904 1194 951 male
1216 903 1425 967 quiddam
1452 900 1524 946 in-

150 987 455 1040 terpretatum,
482 986 524 1020 et
557 973 768 1020 seditione
805 975 959 1039 populi
989 976 1313 1028 conclamante,
1345 982 1525 1037 propter

148 1049 274 1094 unius
295 1047 416 1092 verbi
447 1046 782 1099 dissonantiam,
806 1047 1063 1110 episcopum
1097 1064 1205 1110 pene
1235 1043 1524 1091 sacerdotium

147 1117 398 1182 perdidisse.
444 1118 497 1162 lit
527 1116 633 1180 quid
672 1118 726 1162 sit
763 1116 896 1171 illud,
926 1116 1044 1180 quod
1077 1116 1187 1162 male
1217 1117 1526 1178 interpretatus

148 1190 224 1235 sim
241 1226 250 1244 ,
279 1188 526 1244 subtralii5‚
566 1186 760 1233 auferens
801 1188 911 1234 mihi
950 1188 1221 1234 occasionem
1268 1184 1527 1232 defensionis

149 1277 278 1314 meae3
302 1276 352 1303 ne
373 1258 591 1322 quidquid
608 1257 785 1311 dixeris,
813 1276 878 1303 me
902 1258 1187 1321 respondente
1207 1257 1423 1308 solvatur;
1448 1252 1528 1299 nisi

146 1329 281 1384 sorte,
317 1339 361 1374 ut
395 1340 491 1374 ante
518 1345 651 1374 annos
674 1328 911 1390 plurimos,
949 1329 1180 1374 cucurbita
1217 1327 1334 1373 venit
1356 1327 1399 1372 in
1431 1341 1526 1371 me-

147 1400 268 1445 dium
287 1436 297 1454 ‚
327 1410 534 1445 asserente
562 1398 678 1444 illius
709 1402 914 1463 temporis
947 1399 1150 1445 Cornelio
1180 1410 1220 1445 et
1247 1398 1394 1445 Asinio
1423 1396 1527 1442 Pol-

146 1470 261 1517 lione
287 1471 377 1534 (8),
403 1488 470 1516 me
492 1470 695 1516 hederam
720 1488 802 1534 pro
824 1472 1055 1517 cucurbita
1078 1470 1353 1517 transtulisse.
1389 1470 1530 1532 Super

147 1558 231 1605 qua
266 1560 310 1587 re
338 1542 381 1587 in
407 1541 722 1588 commentario
745 1545 869 1588 .lona3
902 1543 1133 1606 propheten
1157 1542 1324 1605 plenius
1348 1557 1529 1604 respon-

148 1612 306 1660 dimus,
345 1614 442 1659 Hoc
479 1623 649 1658 tantum
677 1630 794 1659 nunc
827 1613 979 1659 dixisse
1009 1615 1228 1668 contenti,
1263 1612 1384 1677 quod
1408 1613 1453 1658 in
1480 1627 1529 1657 eo

148 1683 270 1737 loco,
301 1684 378 1728 uhi
406 1684 692 1746 Septuaginta
710 1684 963 1748 interpre¹es
983 1685 1261 1730 cucurbitam
1277 1722 1287 1741 ,
1310 1694 1352 1730 et
1372 1681 1530 1747 Aquila

150 1771 248 1800 cum
284 1753 462 1817 reliquis
495 1753 702 1800 hederam
736 1754 1077 1811 transtulerunt,
1106 1755 1149 1800 id
1173 1766 1258 1809 est,
1286 1757 1418 1799 κιο-τὸν
1438 1790 1449 1808 ,
1484 1753 1529 1798 in

152 1825 328 1870 liebraeo
345 1824 566 1870 volumine
585 1825 751 1870 ciceion
779 1826 991 1889 scriptum
1014 1826 1221 1879 liabetur,
1246 1841 1378 1887 quam
1399 1823 1532 1883 vulgo

151 1895 250 1958 Syri
270 1895 447 1941 ciceiam
468 1906 640 1941 vocant.
665 1896 740 1940 Est
758 1907 898 1940 autem
916 1913 1048 1955 genus
1064 1896 1240 1955 virgulti
1258 1896 1344 1940 lata
1364 1894 1532 1940 habens

149 1966 279 2017 folia.
318 1967 362 2012 in
388 1965 566 2012 modum
597 1967 794 2030 pampini
820 1985 830 2012 ε
862 1984 1052 2030 cumque
1089 1967 1334 2030 plantatum
1371 1964 1528 2020 suerit,

149 2039 238 2083 cito
261 2038 484 2098 consurgit
501 2038 544 2084 in
566 2038 869 2094 arbusculam,
894 2039 1055 2103 absque
1077 2038 1175 2084 ullis
1198 2038 1466 2084 calamorum
1490 2052 1532 2082 et

150 2108 374 2155 hastilium
405 2109 679 2155 adminiculis
697 2146 708 2165 ‚
733 2109 895 2172 quibus
915 2120 956 2155 et
987 2110 1258 2165 cucur-bitte,
1295 2120 1336 2154 et
1360 2107 1531 2154 hederae

150 2179 368 2240 indigent,
396 2196 473 2225 suo
510 2190 666 2226 trunco
694 2197 736 2225 se
763 2181 989 2226 sustinens.
1026 2181 1121 2226 Hoc
1145 2197 1245 2240 ergo
1271 2179 1452 2225 verbum
1477 2178 1531 2224 de

151 2251 285 2296 verbo
309 2250 564 2308 edisserens,
599 2250 631 2296 si
657 2251 823 2296 ciceion
851 2251 1079 2296 transferre
1104 2250 1355 2305 voluissem,
1386 2249 1532 2294 nullus

151 2321 409 2381 intelligeret
428 2340 437 2366 :
458 2322 491 2367 si
510 2321 786 2368 cucurbitam
801 2359 812 2379 ,
839 2321 882 2368 id
907 2322 1095 2367 dicerem
1120 2321 1237 2385 quod
1259 2321 1303 2366 in
1325 2320 1531 2366 hebraico

153 2409 240 2438 non
278 2391 499 2439 habetur:
530 2393 738 2439 hederam
777 2395 928 2456 posui,
958 2403 1005 2439 ut
1029 2394 1196 2439 caeteris
1219 2392 1532 2456 interpretibus

153 2462 458 2510 consentirem.
485 2464 560 2510 Sin
579 2474 722 2510 autem
741 2463 885 2510 Judaei
908 2463 1034 2510 vestri
1048 2500 1058 2516 ,
1082 2474 1131 2509 ut
1148 2463 1239 2527 ipse
1259 2462 1426 2519 asseris,
1444 2480 1532 2508 ma·

153 2533 268 2586 litia,
294 2533 362 2580 vel
380 2534 600 2599 imperitia
623 2535 712 2582 hoc
732 2534 934 2582 dixerunt
953 2552 1040 2582 esse
1061 2535 1107 2582 in
1133 2533 1429 2581 voluminibus
1449 2534 1534 2579 He-

155 2605 400 2661 braeorum,
419 2604 539 2669 quod
554 2605 596 2652 in
620 2605 771 2666 graecis
791 2616 832 2652 et
850 2605 994 2652 latinis
1011 2605 1240 2653 codicibus
1259 2604 1534 2656 contimtum
