1902 3268
613 254 822 286 ErismLA
857 255 1024 287 Lxxxu.
1442 263 1500 309 97

139 326 354 379 videatur,
377 333 528 369 contra
550 337 760 368 conamur
785 337 964 367 asserere
983 358 994 378 ,
1022 321 1056 366 si
1083 321 1167 365 hoc
1192 321 1414 384 aliquanto
1438 346 1506 374 se-

140 395 308 442 curiore
323 393 524 440 libertate
540 392 734 438 dicamus
747 427 758 446 ‚
782 408 868 436 non
888 390 1132 437 incidamus
1149 391 1192 435 in
1215 394 1506 455 suspicionem

138 464 316 530 pueriliS
342 464 592 524 jactantiae,
626 462 748 526 quasi
789 472 937 508 nostro
972 462 1137 508 nomini
1170 461 1330 508 famam
1353 501 1364 520 ,
1393 468 1508 515 viros

137 536 322 582 illustres
337 533 581 580 accusando
595 549 868 597 quaeramus:
892 532 925 577 si
944 543 1087 578 autem
1108 532 1272 596 aliquid
1287 552 1504 598 asperum,

137 604 359 652 refellendi
383 605 650 656 necessitate,
673 602 986 666 depromptum
1006 602 1159 659 fuerit3
1181 621 1267 666 quo
1286 606 1507 656 tolerabile

139 678 246 733 fiat,
281 675 440 722 leniore
465 673 870 721 circumfundamus
900 672 1102 735 eloquio,
1141 690 1195 718 ne
1228 674 1353 722 litum
1385 680 1509 727 melle

138 746 332 808 gladium
355 746 560 806 stringere
588 743 853 804 judicemur.
885 741 976 787 Nisi
998 741 1108 787 forte
1134 741 1204 788 ille
1227 745 1382 792 modus
1416 761 1504 807 est,

136 833 225 881 quo
249 827 483 880 utrumque
507 815 592 860 hoc
612 813 764 859 vitium
786 849 797 868 ,
825 811 890 857 vel
920 811 1014 856 vitii
1037 812 1324 875 suspicionem
1352 834 1508 865 cavea-

137 904 258 943 mus,
286 887 440 933 sicum
464 884 656 930 doctiore
673 881 814 928 amico
841 881 902 926 sic
921 880 1215 944 disputemus,
1232 887 1509 952 utquidquid

137 957 306 1012 dixerit,
317 973 484 1012 necesse
500 955 555 1001 sit
575 953 838 1018 approbare,
850 968 930 999 nec
946 952 1173 1016 quaerendi
1190 955 1338 1002 saltem
1356 975 1504 1015 causa,

135 1027 262 1074 liceat
278 1025 598 1090 aliquantulum
623 1023 840 1070 reluctari.

202 1098 286 1144 ΙΙΙ.
322 1098 437 1142 Tum
473 1112 573 1142 vero
603 1095 693 1140 sine
717 1094 807 1139 ullo
845 1094 999 1140 timore
1025 1096 1269 1142 offensionis
1300 1108 1508 1163 tanquam

138 1170 184 1215 in
206 1183 365 1230 campo
397 1165 568 1211 luditur
599 1183 609 1210 x
647 1163 721 1210 sed
755 1163 914 1209 mirum
948 1164 982 1209 si
1015 1164 1142 1210 nobis
1176 1184 1261 1212 non
1287 1167 1501 1219 illuditur.

136 1240 230 1298 Ego
256 1237 372 1283 enim
409 1236 546 1282 fateor
585 1234 790 1281 charitati
820 1244 935 1290 tuae,
962 1234 1059 1280 solis
1091 1236 1149 1281 eis
1181 1237 1508 1300 Scripturarnm

134 1308 277 1362 libris,
303 1306 380 1371 qui
398 1309 488 1366 jam
516 1305 715 1351 canonici
737 1304 1045 1368 appellantur,
1073 1305 1207 1352 didici
1233 1307 1354 1354 hunc
1381 1311 1513 1357 timo-0

135 1395 225 1427 rem
257 1378 557 1440 honoremque
582 1374 746 1421 deferre
765 1412 776 1431 ,
817 1386 865 1421 ut
895 1375 1066 1421 nullum
1106 1394 1257 1423 eorum
1291 1392 1513 1428 auctorem

134 1447 367 1497 scribendo
401 1446 568 1510 aliquid
601 1463 761 1492 errasse
784 1442 1028 1492 firmissime
1059 1447 1249 1496 credam.
1282 1452 1344 1496 Ac
1373 1453 1406 1498 si
1432 1453 1515 1499 ali-

135 1518 241 1584 quid
262 1518 308 1564 in
331 1517 391 1564 eis
425 1516 644 1564 offendero
670 1516 825 1561 litteris
845 1554 854 1572 ,
889 1516 1010 1579 quod
1031 1517 1228 1564 videatur
1246 1524 1515 1569 contrarium

134 1589 326 1648 veritati3
344 1587 460 1634 nihil
478 1587 596 1634 aliud
611 1623 621 1643 ,
649 1604 780 1650 quam
802 1587 867 1633 vel
893 1587 1150 1634 mendosum
1176 1606 1264 1636 esse
1284 1591 1477 1640 codicem
1501 1632 1511 1650 ,

134 1659 202 1707 vel
227 1661 508 1723 interpretem
530 1675 618 1703 non
639 1668 880 1704 assecutum
908 1675 994 1704 esse
1017 1658 1137 1721 quod
1157 1659 1323 1707 dictum
1345 1673 1424 1719 est,
1447 1664 1514 1710 vel

134 1746 204 1777 me
231 1729 409 1775 minime
430 1726 682 1774 intellexisse
701 1764 711 1783 ,
745 1744 835 1772 non
862 1728 1095 1788 ambigam.
1133 1729 1251 1776 Alios
1281 1742 1423 1778 autem
1452 1733 1512 1780 ita

134 1803 230 1864 lego
246 1841 255 1857 ‚
283 1812 332 1848 ut
350 1800 624 1865 quantalibet
646 1799 873 1845 sanctitate
890 1798 1177 1864 doctrinaque
1192 1805 1479 1867 praepolleant
1498 1843 1508 1863 ,

135 1889 225 1919 non
247 1871 344 1918 ideo
361 1887 511 1918 verum
536 1880 685 1933 putem
704 1906 713 1925 ‚
737 1870 839 1933 quia
859 1870 943 1932 ipsi
966 1871 1025 1915 ita
1048 1884 1299 1928 senserunt3
1323 1875 1395 1921 sed
1409 1877 1513 1940 quia

135 1943 249 1989 mihi
275 1941 342 1989 vel
361 1959 440 2006 per
467 1941 564 1987 illos
586 1951 782 1987 auctores
807 1941 1062 1997 canonicos,
1087 1941 1155 1987 vel
1189 1944 1412 2006 probabili
1438 1965 1514 1994 ra..

134 2013 279 2071 tione,
310 2011 433 2076 quod
466 2030 489 2057 a
521 2028 624 2058 vero
650 2028 739 2056 non
772 2011 1036 2067 abhorreat,
1066 2012 1329 2074 persuadere
1355 2027 1515 2078 potue-

135 2093 253 2130 runt.
281 2084 372 2130 Nec
399 2092 439 2128 te
460 2119 471 2139 ,
496 2082 554 2128 mi
576 2081 728 2138 frater,
751 2081 906 2127 sentire
930 2081 1049 2127 aliud
1069 2082 1262 2129 existimo
1284 2102 1294 2129 ε
1316 2102 1511 2148 prorsus,

132 2154 312 2218 inquam
331 2191 343 2211 ‚
376 2171 465 2200 non
496 2164 537 2199 te
573 2153 762 2199 arbitror
784 2152 844 2198 sic
870 2152 952 2212 legi
973 2163 1070 2198 tuos
1095 2152 1229 2199 libros
1253 2155 1384 2213 velle,
1414 2169 1514 2205 tan„

136 2241 269 2287 quam
285 2224 630 2288 Prophetarum,
646 2223 715 2268 vel
735 2223 1044 2286 Apostolorum
1067 2241 1077 2268 z
1097 2223 1150 2269 de
1168 2241 1354 2286 quorum
1376 2229 1511 2293 scrip-

134 2295 211 2351 tis,
247 2295 367 2358 quod
399 2295 520 2340 omni
545 2310 687 2339 errore
725 2303 923 2349 careant,
957 2293 1161 2338 dubitare
1183 2294 1395 2342 nefarium
1428 2310 1503 2347 est.

136 2365 263 2412 Absit
287 2365 375 2411 hoc
393 2383 416 2411 a
439 2365 511 2429 pia
534 2363 782 2409 humilitate
807 2374 849 2409 et
877 2364 1019 2409 veraci
1048 2363 1101 2409 de
1132 2365 1357 2428 temetipso
1386 2371 1509 2430 cogi-

137 2437 326 2484 tatione:
364 2453 451 2500 qua
477 2435 561 2481 nisi
595 2452 701 2481 esses
732 2434 974 2498 praeditus,
1013 2451 1102 2480 non
1134 2435 1284 2500 utique
1317 2436 1506 2499 diceres,

141 2508 156 2571 [
174 2506 354 2554 Utinam
371 2522 631 2553 mereremur
647 2504 897 2568 complexus
912 2515 1029 2561 tuOS,
1051 2515 1093 2551 et
1112 2505 1341 2555 collatione
1355 2521 1508 2559 mutua

133 2579 202 2627 vel
225 2578 480 2625 doceremus
501 2577 669 2642 aliqua,
692 2576 760 2626 vel
777 2576 1076 2638 disceremus]

267 2665 410 2698 (avar.
1354 2669 1375 2715 7
