1902 3268
656 291 867 323 Erimon
904 291 1055 321 cxxix.
1441 278 1533 335 463

159 359 433 417 damnarent,
463 359 555 406 aliis
571 358 699 406 etiam
721 357 921 421 plurimis
937 356 983 402 in
999 354 1145 402 eadem
1172 355 1374 404 societate
1399 359 1535 404 schis-

161 430 288 477 matis
312 428 558 490 constitutis
571 428 824 476 dilationem
841 426 1072 482 dederunt,
1088 443 1197 491 quos
1218 427 1262 472 in
1287 428 1538 475 Maximiani

161 500 355 561 sacrilegi
390 501 553 547 surculi
574 499 880 546 communione
910 497 1164 561 impollutos
1187 497 1388 545 mansisse
1417 498 1537 544 dixe-

161 577 295 626 rimu
319 581 361 617 et
379 571 651 634 baptismum
676 570 746 616 vel
771 588 793 616 a
813 569 1046 625 damnatis,
1073 568 1139 614 vel
1168 581 1191 613 a
1230 569 1354 615 sociis
1372 586 1537 626 eorum,

162 641 362 706 quamvis
379 640 484 687 foris
503 641 549 688 in
569 640 804 688 schismate
841 639 1010 696 datum,
1042 637 1282 684 rescindere
1310 650 1436 704 atque
1457 640 1545 696 ite&

163 717 260 758 rare
282 721 371 758 non
412 711 503 758 ausi
544 721 672 764 sunt;
697 709 799 756 satis
839 710 990 773 utique
1028 708 1308 769 judicarunt,
1353 726 1401 755 ea
1440 726 1541 773 quae

164 790 317 829 eontra
340 798 419 827 nos
435 781 660 837 dicebant,
691 779 886 844 eirem'plo
911 794 988 825 suo
1015 795 1102 824 esse
1119 778 1326 824 damnata
1353 797 1362 824 :
1384 789 1424 825 et
1445 796 1542 825 cre-

165 850 361 898 dendum
397 862 460 898 est
494 850 614 915 quod
635 853 726 910 jam
765 847 1009 910 intelligant
1041 865 1172 911 quam
1212 848 1266 894 sit
1288 848 1540 909 indignum,

166 925 299 987 q‘u'am
319 921 610 978 intolerabile,
633 932 682 966 ut
699 936 799 966 cum
819 916 995 966 sedeant
1018 919 1063 965 in
1081 918 1303 965 cathedris
1322 920 1544 983 episcopa-

166 991 301 1049 libus,
328 999 429 1038 'cum
458 992 565 1047 istis,
589 1001 630 1037 et
653 993 754 1037 cum
769 990 864 1054 ipso
890 989 1017 1036 simul
1032 988 1255 1035 Primiano
1273 989 1546 1035 damnatores

167 1065 259 1123 ejus
279 1071 324 1108 et
345 1061 542 1108 damnati
568 1062 614 1107 in
634 1078 762 1108 cansa
786 1064 893 1121 ejus,
920 1071 968 1106 ut
985 1060 1019 1106 si
1051 1077 1132 1123 pax
1156 1060 1203 1106 in
1220 1070 1344 1124 parte
1363 1060 1542 1114 Donati,

168 1132 224 1179 de
244 1132 482 1178 Caeciliano
502 1131 737 1178 infametur
761 1131 881 1177 orbis
901 1131 1191 1187 Christianus,
1214 1148 1267 1177 ne
1289 1131 1334 1177 in
1357 1148 1465 1194 pace
1483 1130 1547 1178 vi-

169 1213 244 1250 vat
259 1203 401 1268 unitas
423 1201 602 1249 Christi.

235 1273 311 1321 VI.
342 1273 450 1319 Haec
464 1272 610 1318 omnia
628 1272 806 1318 fortasse
831 1271 1085 1332 cogitantes,
1105 1281 1146 1317 et
1164 1270 1246 1317 Dei
1271 1265 1422 1317 timore
1443 1288 1548 1334 per-

171 1343 281 1390 n'i'oti
299 1359 449 1389 omnes
470 1343 712 1389 collationis
734 1342 832 1388 loco
847 1342 989 1388 adesse
1007 1342 1258 1398 voluerunt,
1280 1359 1366 1387 non
1388 1341 1552 1388 tumul-

175 1420 243 1460 tus
285 1413 586 1477 dispositione,
628 1412 702 1459 sed
738 1413 875 1476 pacis.
926 1412 1057 1469 Quod
1091 1412 1204 1458 enim
1242 1422 1472 1475 propterea
1509 1419 1550 1458 se

176 1481 400 1530 universos
424 1482 568 1529 adesse
587 1482 805 1538 dixerunt,
841 1492 890 1528 ut
913 1498 1063 1527 eorum
1094 1497 1298 1527 numerus
1322 1492 1547 1545 appareat,

173 1554 382 1620 quoniam
401 1570 470 1600 eos
493 1569 659 1617 paucos
671 1570 758 1600 esse
779 1551 1011 1599 advesrarii
1026 1565 1140 1616 stepe
1157 1552 1224 1598 sui
1245 1554 1410 1598 mentiti
1429 1564 1550 1606 sunt;

174 1625 263 1671 hoc
277 1625 312 1671 si
329 1624 599 1688 aliqnandoa
615 1625 772 1670 nostris
796 1623 964 1669 dictum
981 1634 1060 1679 cst,
1087 1623 1141 1669 de
1164 1621 1233 1668 his
1257 1622 1362 1669 locis
1378 1622 1466 1669 dici
1483 1639 1553 1670 ve·-

175 1694 342 1741 ris'sirn'e
363 1694 531 1757 potuit,
555 1693 634 1739 ubi
657 1704 903 1739 nostrorum
926 1692 1293 1756 coepiscoporum
1314 1703 1357 1738 et
1376 1692 1552 1738 clerico-

177 1768 276 1810 ru'm
302 1771 431 1827 atque
449 1763 663 1809 laicorum
681 1764 807 1824 longe
828 1766 970 1823 major
989 1773 1050 1808 est
1066 1779 1286 1819 numerus,
1310 1773 1352 1808 et
1373 1763 1554 1809 maxime

177 1834 223 1881 in
246 1834 556 1880 Proconsulari
581 1834 811 1898 provincia
838 1851 849 1879 :
876 1850 1148 1897 quanquam,
1192 1843 1369 1896 excepta
1397 1834 1556 1880 Numi-

180 1904 252 1951 dia
275 1904 511 1961 consulari,
532 1905 660 1950 etiam
685 1904 730 1950 in
747 1904 910 1950 caeteris
941 1904 1180 1967 provinciis
1203 1903 1415 1950 AfricaniS
1447 1921 1555 1950 nos-

181 1979 350 2021 trorum
370 1978 553 2021 nutriero
577 1973 783 2021 facillime
811 1985 1093 2038 superentur3
1129 1983 1204 2020 aut
1229 1985 1344 2020 certe
1366 1975 1411 2020 in
1432 1991 1557 2020 com-

181 2045 413 2111 paratione
423 2047 619 2092 omnium
635 2046 843 2106 gentium,
858 2063 937 2109 per
952 2061 1059 2110 quas
1076 2045 1294 2092 catholica
1309 2046 1558 2092 communio

183 2116 415 2174 dilatatur,
437 2133 509 2163 eos
537 2123 626 2162 es'se
664 2116 950 2180 paucissimos
974 2115 1208 2162 rectissime
1231 2115 1434 2162 dicimus.
1475 2115 1560 2178 Sed

184 2193 310 2233 nunc
341 2186 376 2232 si
414 2189 644 2233 numerum
682 2202 807 2232 suurn
835 2186 1100 2232 innotescere
1120 2184 1374 2243 voluissent,
1420 2202 1564 2231 nonne

186 2247 427 2303 ordinatius
445 2261 576 2320 atque
593 2255 870 2320 tranquillius
891 2256 1175 2302 innotesceret
1197 2272 1275 2318 per
1298 2271 1448 2301 eorum
1463 2256 1565 2301 sub-

185 2327 459 2390 scriptiones,
485 2336 596 2393 quas
635 2336 686 2372 ut
703 2324 909 2372 mandato
948 2343 1025 2372 suo
1071 2336 1110 2371 te
1145 2336 1345 2372 cernente
1380 2326 1568 2385 subjun-

188 2400 308 2459 gant,
327 2396 471 2443 edicto
487 2395 785 2451 admonuisti?
815 2396 936 2453 Quid
963 2397 1046 2442 sibi
1064 2413 1164 2456 ergo
1184 2396 1277 2442 vult
1294 2395 1414 2459 quod
1431 2395 1569 2441 colla·

189 2467 319 2514 tionis
359 2466 458 2513 loco
489 2484 635 2513 omnes
653 2466 797 2513 adesse
814 2466 1090 2513 desiderant?
1108 2466 1153 2512 Si
1172 2467 1286 2512 enim
1310 2483 1464 2530 pacem
1483 2467 1570 2511 non

191 2537 405 2598 cogitant,
431 2536 541 2602 quid
567 2554 655 2585 non
674 2537 1000 2601 perturbabunt
1023 2535 1233 2593 locutu-ri,
1264 2546 1339 2583 aut
1351 2535 1461 2601 quid
1484 2534 1574 2582 illic
