1902 3268
304 318 399 368 33ss
723 332 757 361 s.
802 328 1044 363 Aueus'rmi
1079 330 1283 362 EPISCOPt

307 398 496 448 evadant
519 397 574 444 ab
598 395 668 444 his
693 395 1051 461 perplexitatibus
1074 397 1119 443 in
1142 414 1264 443 auras
1281 396 1522 462 purissimas
1547 408 1677 462 atque

307 469 604 520 sincerissimae
637 466 840 514 veritatis,
880 471 1016 528 Cujus
1042 467 1291 514 auctoritati
1328 479 1446 514 tanto
1481 468 1677 515 devotius

303 538 599 605 obtemperari
617 547 804 602 oportet,
828 548 992 602 quanto
1012 536 1207 585 videmus
1238 538 1407 585 nullum
1440 542 1532 599 jam
1554 557 1675 585 erro-

298 630 392 662 rem
414 629 457 659 se
495 607 653 656 audere
685 607 912 666 extollere,
955 607 1009 654 ad
1048 608 1373 669 congregandas
1411 610 1495 656 sibi
1528 610 1676 657 turbas

300 681 603 749 imperitorum
622 718 633 738 ,
670 678 746 745 qui
796 695 885 726 non
929 678 1169 725 Christiani
1210 679 1397 726 nominis
1435 679 1676 728 velamenta

298 753 530 821 conquirat
556 771 567 799 :
597 768 667 798 eos
692 760 836 798 autem
862 748 1005 797 solos1
1031 767 1079 796 ex
1098 749 1317 797 veteribus
1337 762 1498 815 praeter
1518 751 1675 798 Chris—

295 825 466 873 tianum
487 841 646 871 nomen
668 822 713 869 in
730 821 1109 869 conventiunculis
1120 821 1204 868 suis
1230 821 1452 886 aliquanto
1470 822 1677 888 frequen-

293 899 380 945 tius
396 896 634 962 perdurare
645 893 721 959 qui
750 894 1000 958 Scripturas
1012 911 1080 939 eas
1096 903 1257 950 tenent,
1273 911 1351 958 per
1375 911 1481 958 quas
1502 913 1675 941 annun-

294 969 451 1015 tiatum
504 984 591 1013 esse
641 965 785 1029 ipsum
836 965 1074 1012 Dominum
1119 965 1269 1011 Jesum
1326 965 1550 1012 Christum
1575 1004 1587 1024 ‚
1635 984 1676 1012 se

288 1038 526 1100 intelligere
550 1046 592 1084 et
622 1036 768 1084 videre
805 1035 1093 1083 dissimulant.
1129 1037 1268 1082 Porro
1302 1036 1365 1083 illi
1394 1037 1469 1101 qui
1505 1054 1605 1083 cum
1630 1036 1675 1084 in

287 1110 453 1158 unitate
477 1118 605 1172 atque
622 1107 928 1154 communione
943 1105 1159 1153 catholica
1182 1125 1271 1153 non
1293 1108 1395 1165 sint,
1423 1108 1675 1155 Christiano

288 1192 433 1228 tamen
466 1178 641 1227 nomine
666 1177 906 1240 gloriantur
923 1216 934 1236 ‚
962 1187 1180 1239 coguntur
1206 1177 1421 1225 adversari
1456 1179 1675 1225 credenti-

284 1253 442 1310 bus‚et
465 1250 627 1298 audent
649 1251 875 1314 imperitos
892 1249 1020 1315 quasi
1035 1250 1203 1296 ratione
1226 1249 1470 1307 traducere,
1495 1249 1674 1314 quando

282 1324 468 1371 maxime
503 1338 605 1369 cum
639 1321 720 1368 ista
746 1321 964 1367 medicina
995 1320 1210 1367 Dominus
1242 1321 1438 1378 venerit,
1470 1334 1518 1368 ut
1542 1321 1674 1368 fidem

284 1395 463 1461 populis
492 1394 739 1458 imperaret.
768 1392 853 1439 Sed
889 1393 979 1439 hoe
1004 1391 1144 1439 facere
1184 1403 1404 1454 coguntur
1426 1431 1437 1451 ,
1466 1404 1516 1440 ut
1549 1392 1670 1450 dixi,

286 1467 546 1531 quia‘jacere
567 1482 608 1510 se
637 1463 923 1525 abjectissime
949 1464 1167 1520 sentiunt,
1199 1464 1232 1510 si
1263 1482 1412 1510 eorum
1438 1465 1674 1510 auctoritas

286 1555 389 1585 cum
412 1536 667 1584 auctoritate
680 1535 901 1582 catholica
919 1536 1180 1582 conferatur.
1203 1536 1542 1598 Conanturergo
1565 1553 1673 1582 auc—-

283 1609 503 1656 toritatem
525 1606 846 1653 stabilissimam
871 1606 1192 1653 fundatissimae
1213 1607 1425 1653 Ecclesiae
1451 1608 1573 1671 quasi
1602 1625 1675 1654 ra-

286 1681 416 1728 tionis
447 1679 622 1725 nomine
649 1688 691 1723 et
713 1678 1033 1742 pollicitatione
1067 1695 1283 1742 superare.
1317 1679 1529 1725 Omnium
1559 1679 1674 1725 enim

286 1751 597 1799 haereticorum
634 1749 759 1813 quasi
794 1748 1001 1810 regularis
1037 1760 1098 1795 est
1122 1749 1200 1795 ista
1226 1750 1456 1796 temeritas.
1495 1750 1579 1796 Sed
1603 1751 1675 1796 ille

285 1822 389 1870 fidei
407 1823 653 1885 Imperator
677 1819 1054 1877 clementissimus,
1076 1832 1117 1865 et
1139 1839 1218 1883 per
1233 1833 1470 1867 conventus
1490 1821 1674 1867 celeber-

285 1895 419 1942 rimos
438 1891 709 1957 populorum
740 1902 867 1956 atque
898 1892 1095 1952 gentium
1118 1929 1129 1948 ,
1160 1891 1363 1956 sedesque
1390 1892 1503 1955 ipsas
1528 1893 1672 1956 Apos-

286 1964 475 2012 tolorum
499 1980 595 2010 arce
622 1963 891 2008 auctoritatis
915 1962 1103 2007 munivit
1127 1962 1390 2019 Ecclesiam,
1416 1973 1456 2008 et
1476 1981 1674 2026 perpau-

283 2037 421 2085 ciores
457 2035 529 2098 pie
569 2032 722 2079 doctos
760 2043 801 2077 et
826 2050 923 2079 vere
964 2032 1179 2096 spiritales
1217 2033 1328 2078 viros
1365 2035 1673 2096 copiosissimis

291 2105 575 2172 apparatibus
599 2104 727 2149 etiam
760 2103 1057 2150 invictissima]
1083 2103 1261 2148 rationis
1286 2105 1483 2152 armavit.
1513 2106 1672 2152 Verum

263 2180 364 2227 ‘illa
382 2175 619 2224 rectissima
638 2174 870 2238 disciplina
889 2185 967 2231 est,
990 2176 1036 2220 in
1061 2192 1203 2220 arcem
1219 2174 1322 2221 fidei
1340 2193 1470 2238 quam
1491 2178 1673 2223 maxime

290 2249 430 2313 recipi
452 2247 662 2303 infinum,
679 2255 727 2291 ut
748 2262 829 2310 pro
847 2246 905 2292 eis
918 2250 1008 2306 jam
1030 2246 1240 2293 tutissime
1258 2246 1422 2310 positis,
1441 2247 1673 2295 fortissima

293 2321 460 2367 ratione
484 2326 720 2382 pugnetur.

355 2390 570 2438 XXXIII.
600 2388 817 2435 Platonici
839 2406 958 2446 vero,
979 2389 1055 2454 qui
1073 2389 1279 2436 falsorum
1300 2389 1672 2454 philosophorum

289 2461 509 2510 erroribus
529 2458 604 2506 illo
630 2469 827 2523 tempore
858 2460 1290 2507 cireumlatrantibus
1308 2498 1319 2516 ‚
1351 2478 1439 2506 non
1461 2461 1672 2510 habentes

289 2532 485 2582 divinam
524 2548 755 2594 personam
798 2549 884 2595 qua
922 2533 1187 2596 imperarent
1221 2530 1379 2583 fidem,
1416 2534 1671 2581 sententiam

291 2620 414 2653 suam
461 2612 600 2676 tegere
637 2602 949 2665 quaerendam‚
995 2619 1124 2666 quam
1160 2601 1442 2666 polluendam
1478 2603 1672 2666 proferre

335 2689 345 2711 1
365 2684 508 2721 Judaeos.
