1902 3268
370 244 430 306 98
790 260 823 287 s.
868 257 1108 288 AUGUSTIM
1148 260 1347 289 izviscom

438 324 511 370 IV.
547 322 677 379 Quod
698 323 730 367 si
758 322 956 386 teipsum
986 324 1327 369 consideratione
1357 324 1459 370 vitaz
1488 341 1537 369 ac
1568 339 1737 370 morum

369 404 575 449 tuorum,
622 410 710 438 non
755 392 978 445 simulate„
1023 411 1101 438 nee
1141 395 1351 440 fallaciter
1387 394 1538 439 dixisse
1574 394 1737 439 eredo:

366 476 531 527 quanto
556 463 690 521 magis
722 479 899 526 aequum
926 474 988 507 est
1017 480 1083 508 me
1108 464 1295 510 eredere.
1334 463 1591 526 Apostolum
1622 464 1742 509 Pau-

363 533 453 579 lum
477 550 563 578 non
590 531 707 577 aliud
727 532 917 587 sensisse,
940 549 1071 595 quam
1092 534 1340 596 scripserit,
1366 534 1443 579 ubi
1463 533 1520 578 ait
1539 532 1593 578 de
1613 533 1740 578 Petro

365 611 406 649 et
426 603 627 648 Barnalia
647 639 657 658 ‚
697 624 716 643 α
739 602 851 648 Cum
877 602 1066 648 viderem
1100 604 1202 666 quia
1228 621 1319 650 non
1344 615 1458 650 recte
1484 601 1740 663 ingrediun-

362 697 377 713 ιι
396 683 465 719 tur
485 674 540 719 ad
560 673 781 720 veritatem
808 674 1048 734 Evangelii.
1065 674 1151 719 dixi
1182 677 1309 720 Petro
1328 693 1473 721 eoram
1499 674 1730 727 omnibus3

361 744 440 790 »Si
466 755 532 801 tu,
555 761 655 790 cum
677 744 730 789 sis
754 744 934 789 Judaeus
954 781 963 800 ‚
995 745 1210 803 gentiliter
1233 756 1273 791 et
1292 763 1377 790 nou
1397 745 1573 804 Juda'i'ce
1594 744 1701 790 vivis
1719 781 1730 801 ‚

360 835 374 854 a
392 813 613 877 quomodo
637 823 780 873 gentes
801 813 918 872 cogis
950 814 1170 872 judaizare
1189 814 1239 861 4?
1259 838 1277 856 >2
1304 817 1367 860 De
1390 832 1478 879 quo
1503 814 1614 860 enim
1637 831 1734 860 cer-

358 894 428 931 tus
452 885 530 930 sim
551 922 561 940 ,
589 884 709 947 quod
733 902 801 930 me
825 885 1056 930 scribendo
1082 886 1148 931 vel
1176 887 1396 950 loquendo
1425 903 1511 932 non
1530 885 1679 941 sallat,
1703 886 1736 931 si

362 954 544 1001 fallebat
566 955 799 1018 Apostolus
817 955 928 1000 filios
948 971 1070 1013 suos,
1101 973 1209 1019 quos
1243 967 1397 1002 lterum
1431 955 1732 1020 parturiebat,

358 1024 497 1070 donec
517 1025 558 1070 in
574 1026 632 1070 eis
651 1026 872 1081 Christus,
895 1026 938 1071 id
964 1037 1041 1082 est,
1060 1028 1243 1084 veritas,
1271 1027 1544 1073 formaretur.
1563 1026 1739 1083 Quibus

357 1112 458 1141 cum
498 1097 810 1158 praemisisset,
842 1096 1011 1153 dicens,
1042 1118 1062 1138 c<
1083 1098 1195 1154 Quae
1224 1110 1367 1144 autem
1399 1099 1544 1144 scribo
1578 1096 1703 1144 vobis
1724 1133 1734 1151 ,

359 1188 374 1207 »›
391 1183 490 1212 ecce
508 1183 654 1211 coram
675 1168 766 1212 Deo
786 1167 888 1230 quia
909 1184 995 1212 non
1018 1169 1237 1213 menum-2
1257 1187 1266 1213 :
1285 1191 1304 1210 ›>
1319 1186 1405 1213 non
1426 1180 1568 1214 tamen
1578 1167 1740 1214 veraci-

361 1247 426 1282 ter
450 1237 697 1292 scribebat,
733 1238 806 1283 sed
837 1238 979 1283 nescio
1009 1255 1094 1302 qua
1124 1239 1439 1302 dispensatoria
1460 1237 1736 1284 simulatione

359 1307 567 1362 fallebat,
601 1307 757 1354 vidisse
782 1326 824 1354 se
859 1310 1036 1354 Petrum
1059 1320 1100 1355 et
1137 1310 1384 1355 Barnabam
1419 1326 1507 1355 non
1541 1319 1655 1354 recte
1684 1305 1739 1352 ad

360 1379 583 1439 Evangelii
624 1381 848 1425 veritatem
892 1380 1180 1440 ingredientes
1201 1418 1211 1435 ,
1254 1398 1304 1426 ac
1343 1385 1471 1426 Petro
1508 1380 1552 1425 in
1587 1376 1743 1424 faciem

357 1451 580 1507 restitisse,
619 1468 705 1496 non
743 1451 802 1496 ob
832 1450 949 1497 aliud
989 1451 1068 1496 nisi
1111 1451 1231 1514 quod
1273 1461 1416 1511 gentes
1454 1460 1627 1510 cogeret
1663 1452 1744 1508 ju-

357 1521 550 1567 clai'zare.

423 1592 475 1638 V.
509 1593 564 1637 At
583 1592 695 1638 enim
723 1592 854 1638 satius
877 1603 938 1638 est
958 1592 1163 1649 credere,
1189 1592 1436 1656 apostolum
1462 1590 1648 1636 Paulum
1670 1589 1746 1635 ali-

361 1662 471 1726 quid
494 1678 581 1708 non
608 1679 705 1708 vere
724 1664 942 1726 scripsisse
962 1700 972 1719 ‚
1006 1680 1139 1727 quam
1173 1663 1419 1726 apostolum
1453 1663 1635 1708 Petrum
1660 1676 1747 1705 non

364 1744 480 1779 recte
507 1732 674 1796 aliquid
698 1734 842 1793 egisse.
870 1734 966 1778 Hoc
987 1734 1021 1778 si
1046 1734 1104 1778 ita
1127 1744 1219 1786 est;
1244 1733 1440 1779 dicamus
1457 1730 1596 1795 (quod
1615 1729 1747 1791 absit)

369 1804 500 1849 satius
521 1820 607 1849 esse
636 1803 810 1849 credere
835 1804 1008 1849 mentiri
1035 1804 1321 1863 Evangelium
1341 1840 1352 1859 ,
1380 1818 1512 1866 quam
1545 1810 1750 1860 negatum

367 1894 453 1922 esse
473 1893 494 1921 a
525 1877 652 1920 Petro
674 1874 899 1919 Christum
919 1874 936 1902 3
961 1895 972 1929 ;
1010 1885 1050 1919 et
1079 1875 1252 1919 mentiri
1273 1875 1525 1933 Regnorum
1554 1871 1718 1917 librum
1736 1906 1747 1925 ,

369 1962 502 2009 quam
528 1954 696 1990 tantum
732 1944 1034 2007 proplietan1³=
1060 1981 1069 1999 ‚
1105 1963 1126 1990 a
1165 1945 1353 1989 Domino
1385 1944 1474 1989 Deo
1503 1954 1588 1988 tam
1609 1940 1751 1986 excel-

371 2016 506 2062 lenter
538 2015 746 2061 electum.
787 2025 829 2059 et
862 2014 906 2059 in
932 2014 1282 2077 concupiscenda
1318 2025 1449 2077 atque
1491 2009 1753 2059 abducenda

376 2103 505 2133 uxore
541 2085 677 2131 aliena
708 2083 972 2130 commisisse
1007 2084 1269 2130 adulterium
1288 2122 1299 2141 ,
1329 2095 1369 2129 et
1398 2085 1443 2129 iu
1481 2082 1639 2129 marito
1663 2084 1754 2141 ejus

376 2157 573 2206 necando
593 2169 679 2203 tam
707 2157 974 2202 horrendum
997 2156 1304 2203 homicidium.
1328 2157 1422 2201 Imo
1444 2171 1544 2202 vero
1561 2164 1755 2200 sanctam

378 2230 683 2293 scripturam,
717 2228 761 2273 in
788 2242 956 2273 summo
990 2237 1031 2273 et
1058 2226 1222 2272 coelesti
1261 2226 1532 2272 auctoritatis
1565 2223 1755 2270 culmine

378 2301 634 2348 collocatam
650 2336 660 2355 ,
687 2298 740 2345 de
767 2300 943 2346 veritate
967 2301 1058 2357 ejus
1090 2308 1230 2342 certus
1255 2314 1303 2342 ac
1328 2313 1502 2342 securus
1522 2295 1686 2355 legam,
1715 2302 1754 2337 et

377 2375 424 2419 in
447 2389 495 2417 ea
521 2370 720 2417 homines
740 2368 805 2415 vel
834 2369 1102 2432 approbatos
1123 2404 1133 2423 ‚
1155 2367 1222 2413 vel
1247 2366 1519 2422 emendatos,
1542 2365 1608 2413 vel
1626 2363 1755 2410 dam-

380 2453 504 2490 natos
526 2441 733 2487 veraciter
752 2439 935 2493 discam⁹
963 2438 1274 2502 potiusquam,
1297 2436 1411 2483 facta
1436 2438 1630 2483 humana
1649 2434 1755 2480 dum

382 2514 425 2561 in
447 2511 709 2577 quibusdam
739 2510 972 2557 laudabilis
999 2508 1260 2555 excellentia]
1292 2509 1487 2572 personis
1519 2504 1756 2569 aliquando

431 2598 436 2618 ί
459 2596 674 2636 (jalat.11‚1',
710 2611 755 2619 -
770 2593 784 2615 ¹2
798 2594 845 2628 ld.
865 2606 892 2634 ι,
910 2605 964 2627 20.
985 2612 1029 2618 --
1043 2591 1056 2617 3
1071 2592 1187 2626 Manli.
1205 2604 1296 2637 mm,
1317 2593 1370 2633 75.
1386 2610 1428 2616 —-
1445 2590 1458 2616 4
1479 2603 1495 2623 2
1517 2593 1597 2633 neg.
1615 2595 1707 2631 x1‚lo.
