1902 3268
361 241 449 286 2OE
779 257 810 285 s.
856 255 1100 286 mausum
1141 255 1342 286 eviscovi

354 320 537 384 spiritali
556 331 764 367 creaturae
781 357 791 373 ‚
811 338 910 385 quae
932 322 975 367 in
992 322 1077 367 hoc
1092 322 1288 385 proximo
1308 333 1349 369 et
1370 322 1603 383 caliginoso
1619 324 1732 370 coelo

354 392 592 443 habitans,
624 403 826 455 tanquam
868 392 909 436 in
942 393 1059 437 aei-io
1088 410 1259 438 carcere
1282 411 1386 450 suo,
1424 394 1733 457 praedcstinata

354 473 416 508 est
434 463 651 525 supplicio
672 462 965 524 sempiterno?
991 464 1289 519 Quamobrem
1311 465 1436 510 ctiam
1463 483 1561 510 cum
1582 483 1623 510 se
1648 465 1735 510 ho-

355 534 490 577 mines
503 533 801 594 superioribus
817 532 1068 577 coelcsiibus
1086 535 1389 595 potestatibus,
1412 552 1512 597 qua-3
1535 553 1619 580 non
1634 545 1735 580 sunt

355 602 591 658 (hemonia,
620 603 863 648 sacrificare
889 602 1045 648 dicunt
1069 641 1077 651 .,
1106 614 1146 648 ot
1169 604 1297 649 solius
1324 606 1510 650 nominis
1536 606 1734 651 interesse

356 673 643 725 arbitrantur,
662 673 780 736 quod
803 673 863 719 illi
883 673 1002 726 deos,
1028 691 1111 719 non
1139 692 1209 719 cos·
1237 676 1419 734 Angelos
1441 675 1730 738 appellamus,

355 759 441 788 non
467 760 508 788 se
533 755 768 808 opponunt
796 743 1168 795 eisludificandis.
1200 745 1433 809 multiplici
1450 746 1633 800 fallacia,
1655 746 1734 791 nisi

353 816 596 872 daemones,
617 818 694 881 qui
723 834 866 862 errore
889 816 1135 862 delectanti]
1146 835 1163 862 r
1184 854 1193 865 .
1218 828 1258 863 ct
1284 818 1610 882 quodammodo
1632 837 1735 881 pas-

354 898 515 932 cuntur
541 888 749 935 humano.
777 889 997 945 Quoniam
1024 889 1160 933 sancti
1195 889 1340 949 Angcli
1372 907 1458 935 non
1486 889 1736 952 approbant

355 959 616 1004 sacrificium
642 960 723 1004 nisi
741 959 860 1023 quod
880 977 926 1004 ex
949 959 1149 1004 doctrina
1182 977 1295 1005 verse
1322 961 1545 1023 sapientias
1564 996 1574 1015 ‚
1595 976 1736 1006 verae-

354 1046 441 1093 que
463 1030 680 1090 religionis
703 1031 882 1076 offertur
903 1032 1096 1076 univero
1124 1032 1213 1077 Deo
1235 1069 1245 1085 ‚
1273 1032 1343 1077 cui
1365 1042 1512 1076 sancta
1537 1032 1737 1077 societate

356 1101 618 1149 deserviunt.
646 1102 835 1147 Proinde
862 1102 973 1147 sicut
995 1102 1128 1164 impia
1149 1103 1351 1166 superbia
1378 1102 1464 1147 sive
1482 1102 1731 1156 hominum,

355 1171 443 1216 sive
468 1171 720 1218 daemonum
742 1209 753 1228 ‚
796 1173 879 1218 sibi
916 1172 996 1217 hos
1023 1172 1196 1218 divinos
1231 1173 1419 1218 honores
1443 1173 1637 1218 exhiberi
1669 1172 1737 1218 vel

349 1243 478 1301 J‘ubet
503 1243 570 1288 vel
592 1245 717 1308 cupit
739 1262 749 1289 ε
780 1244 837 1290 ita
858 1244 930 1308 pia
954 1244 1179 1290 humilitas
1202 1244 1271 1289 vel
1298 1244 1544 1298 hominum,
1568 1243 1634 1288 vel
1650 1244 1737 1289 An-

355 1314 548 1373 gelorum
576 1327 824 1361 sanctorum
847 1353 858 1371 ,
896 1315 994 1361 haee
1028 1315 1109 1361 sibi
1142 1315 1290 1361 oblata
1315 1315 1559 1370 recusavit,
1586 1325 1628 1360 et
1663 1314 1737 1360 cui

353 1384 613 1432 deberentur
631 1424 642 1442 ‚
677 1386 878 1434 ostendit.
919 1386 1055 1447 Cujus
1079 1387 1138 1433 rei
1171 1386 1511 1433 manifestissima
1534 1385 1579 1431 in
1604 1385 1736 1432 sacris

360 1458 526 1503 litteris
549 1458 702 1503 nostris
719 1457 911 1520 exempla
935 1468 1244 1504 monstrantur.

418 1530 539 1576 xxi.
572 1530 809 1593 >Dispertita
833 1540 974 1575 autem
999 1529 1158 1575 (livinis
1194 1530 1376 1593 eloquiis
1409 1529 1619 1574 sacrificia
1653 1545 1735 1592 pro

355 1611 603 1664 temporum
636 1601 942 1661 congruentia,
986 1613 1034 1647 ut
1064 1601 1146 1647 alia
1174 1602 1323 1647 fierent
1355 1611 1452 1646 ante
1481 1600 1735 1646 manifesta-

355 1671 515 1716 tionem
539 1671 651 1716 Novi
672 1671 961 1726 Testamenti,
990 1671 1110 1735 quod
1135 1689 1180 1717 ex
1205 1672 1297 1735 ipsa
1323 1688 1421 1717 vera
1443 1681 1484 1716 et
1512 1671 1639 1716 unius
1666 1689 1736 1717 sa-

356 1741 544 1787 cerdotis
575 1741 751 1788 victima
773 1777 783 1797 ,
813 1742 900 1787 hoc
934 1753 1026 1796 est,
1065 1759 1112 1788 ex
1139 1743 1271 1787 effuso
1322 1741 1488 1787 Christi
1527 1741 1736 1801 sanguine

355 1813 628 1859 ministratur
647 1824 690 1858 et
713 1811 830 1858 aliud
852 1829 969 1858 nunc
996 1812 1115 1876 quod
1143 1813 1250 1858 huie
1270 1811 1605 1858 manifestationi
1624 1829 1735 1858 con-

355 1900 531 1944 gruum,
556 1883 629 1947 qui
644 1887 735 1943 jam
753 1882 971 1928 declarato
986 1884 1160 1929 nominc
1177 1883 1419 1929 Christiani
1439 1882 1732 1946 appellamur,

355 1954 592 2005 offerimus,
610 1971 697 1999 non
716 1953 854 1999 solnm
873 1954 1148 2012 evangelicis,
1167 1954 1448 1998 verumetiam
1465 1952 1735 2016 propheticis

354 2024 504 2070 litteris
531 2023 867 2069 demonstratur.
903 2024 1087 2068 Mutatio
1116 2025 1285 2087 quippe
1303 2040 1388 2068 non
1414 2023 1516 2077 Dei,
1547 2039 1635 2067 non
1661 2023 1732 2086 ip-

352 2096 437 2141 sius
458 2095 673 2153 religionis
693 2131 703 2143 ,
741 2094 813 2138 sod
845 2094 1158 2140 sacrificiorum
1182 2105 1223 2140 ot
1257 2103 1624 2139 sacramentorum
1646 2094 1734 2139 im·-

352 2166 568 2229 pudomor
606 2182 723 2210 inme
767 2164 985 2209 vidoronu·
1019 2165 1261 2227 ‘przrdicata
1286 2202 1296 2214 ,
1335 2164 1418 2208 nisi
1457 2162 1605 2208 fuisset
1636 2175 1734 2210 ante

347 2237 575 2301 praedicta.
616 2234 1001 2292 Quemadmodum
1034 2235 1146 2279 onim
1182 2251 1294 2280 nnus
1331 2233 1534 2296 idemque
1560 2234 1694 2279 homo
1717 2272 1728 2289 ‚

349 2309 383 2354 si
406 2309 496 2354 Deo
522 2325 646 2353 mane
669 2306 786 2352 aliud
809 2307 960 2352 offerat
977 2342 987 2360 ,
1015 2305 1133 2351 aliud
1158 2322 1350 2369 vespere,
1382 2321 1464 2367 pro
1490 2321 1733 2364 congruen-

349 2380 407 2425 tia
437 2379 582 2425 diurni
609 2379 833 2443 temporis,
863 2394 951 2423 non
985 2378 1124 2422 Deum
1150 2387 1321 2432 mutat,
1350 2392 1429 2421 nec
1449 2375 1728 2435 religionem,

347 2455 459 2501 sicut
480 2471 559 2499 nec
579 2451 759 2498 salutem
788 2451 865 2515 qui
885 2449 969 2495 alio
995 2448 1128 2495 modo
1158 2466 1284 2494 mane
1308 2487 1315 2501 ,
1347 2447 1430 2492 alio
1459 2464 1635 2510 vespere
1658 2464 1730 2493 sa-

342 2527 456 2574 lutat
479 2544 489 2571 ε
517 2526 576 2572 ita
602 2525 647 2570 in
667 2523 866 2570 universo
887 2532 1029 2568 tractu
1053 2520 1327 2575 saeculorum,
1346 2536 1447 2566 cum
1465 2518 1585 2565 aliud
1608 2518 1729 2564 obla-

336 2610 429 2646 tum
448 2608 509 2643 cst
541 2596 596 2642 ab
621 2594 809 2659 antiquis
834 2594 992 2640 sanctis
1012 2631 1021 2643 .,
1049 2591 1165 2639 aliud
1192 2593 1247 2638 ab
1268 2591 1327 2638 eis
1345 2628 1356 2642 ,
1380 2590 1455 2656 qui
1479 2606 1597 2636 nunc
1623 2600 1724 2637 sunt
