1902 3268
683 278 893 311 mus'rom
927 280 1015 310 cxl.
1439 265 1530 321 343

160 351 289 398 etiam
312 361 468 397 caetera
486 347 625 413 plagis
651 344 881 392 horrendis
898 344 1236 409 vulneribusque
1258 346 1535 392 sauciarunt?

162 421 484 485 Depraedantur
501 420 628 466 etiam
649 418 802 464 domos
820 416 985 480 aliquas
1019 427 1060 462 ct
1085 416 1344 472 incendunt,
1366 416 1534 462 fructus

162 492 304 538 aridos
327 491 560 555 diripiunt,
587 488 795 535 humidos
821 487 1032 544 fundunt,
1057 498 1098 533 et
1117 487 1215 533 talia
1231 487 1396 534 caeteris
1417 503 1536 532 com„

160 561 370 607 minando
386 599 399 619 ‚
438 561 598 607 multos
632 560 762 606 etiam
799 558 1062 622 rebaptizari
1104 558 1387 622 compellunt.
1433 556 1536 603 Pri-

159 631 231 678 die
249 649 380 696 quam
402 632 481 678 ista
505 631 560 677 ad
586 641 628 677 te
659 630 838 686 dictavi,
866 647 913 675 ex
930 646 1017 675 uno
1047 629 1144 675 loco
1182 646 1261 692 per
1279 626 1537 688 hujusmodi

160 713 340 749 terrores
357 702 646 766 quadraginta
660 713 701 747 et
720 712 819 748 octo
836 701 995 746 animae
1014 699 1414 763 mihirebaptizatae
1430 714 1539 743 nun-

160 775 277 820 tiatae
305 784 418 820 sunt.

225 844 284 890 ll.
318 843 569 904 Plangenda
600 852 702 888 sunt
728 841 850 896 haec,
880 857 968 886 non
996 839 1194 887 miranda
1220 849 1261 885 et
1293 837 1535 884 exclaman-

157 914 284 970 dum,
312 913 368 960 ad
387 914 528 959 Deum
552 922 602 958 ut
626 928 713 957 non
733 909 971 957 secundum
1008 911 1160 957 merita
1185 919 1348 964 nostra,
1375 905 1446 953 sed
1471 924 1536 953 se·-

156 984 352 1031 eundum
381 982 720 1031 misericordiam
757 998 878 1027 suam
900 1000 922 1027 a
946 982 1078 1028 tantis
1110 981 1232 1028 malis
1247 980 1402 1026 liberet
1437 995 1528 1026 nos·

157 1055 269 1102 Nam
296 1054 406 1119 quid
434 1054 583 1118 utique
620 1051 884 1116 sperandum
905 1052 988 1098 fuit
1012 1052 1155 1113 generi
1178 1051 1402 1104 humanm
1432 1065 1533 1096 cum

156 1125 256 1171 haec
280 1135 323 1171 et
351 1125 395 1173 in
419 1123 655 1188 Prophetis
670 1134 713 1168 et
738 1123 786 1169 in
800 1123 1036 1183 Evangelio
1061 1133 1180 1169 tanto
1205 1131 1303 1168 ante
1321 1119 1536 1184 praedicta

156 1196 273 1242 sint?
303 1198 398 1242 Non
432 1196 578 1260 itaque
601 1194 809 1240 debemus
842 1205 927 1240 tam
956 1194 1082 1240 nobis
1110 1193 1216 1258 ipsis
1249 1209 1335 1238 esse
1358 1200 1537 1239 contra-

155 1266 224 1321 rii,
249 1277 296 1312 ut
330 1265 560 1312 credamus
586 1265 762 1329 quando
783 1264 988 1325 leguntur
1004 1303 1014 1321 ,
1037 1276 1077 1311 et
1099 1279 1335 1328 queramur
1358 1261 1534 1325 quando

155 1337 433 1401 complentur
455 1355 466 1382 ε
487 1336 558 1382 sed
579 1337 723 1401 potius
744 1347 785 1382 et
803 1336 864 1382 illi
879 1337 955 1400 qui
976 1335 1192 1383 increduli
1212 1335 1402 1389 fuerant,
1429 1349 1530 1379 cum

154 1407 254 1453 haec
277 1407 321 1454 in
352 1408 508 1454 sanctis
537 1408 662 1453 libris
700 1407 945 1471 conscripta
979 1407 1168 1468 legerent
1205 1405 1272 1454 vel
1310 1404 1526 1459 audirent,

150 1493 270 1524 nunc
293 1477 442 1532 saltem
466 1477 639 1523 credere
670 1476 834 1523 dehent
858 1494 957 1523 cum
984 1476 1196 1541 compleri
1231 1480 1322 1536 jam
1341 1474 1492 1523 vident
1516 1493 1527 1520 :

150 1557 199 1593 ut
216 1545 269 1594 de
289 1547 356 1593 his
375 1558 459 1593 tam
480 1547 644 1608 magnis
665 1548 873 1611 pressuris
905 1559 1108 1611 tanquam
1124 1547 1168 1594 in
1193 1545 1399 1595 torculari
1422 1548 1523 1590 Do-

150 1617 257 1665 mini
274 1618 356 1672 Dei
382 1618 535 1673 nostri,
563 1619 673 1663 sicut
693 1635 869 1664 amurca
890 1618 1132 1665 infidelium
1158 1617 1528 1668 murmurantium

149 1698 191 1734 et
213 1688 617 1751 blasphemantium
642 1688 756 1744 fluit,
774 1689 833 1735 ita
854 1689 996 1735 oleum
1011 1705 1186 1753 quoque
1207 1687 1403 1737 fidelium
1418 1704 1528 1741 con-

149 1759 367 1806 fitentium
390 1770 432 1805 et
450 1760 670 1806 orantium
708 1761 889 1824 exprimi
913 1771 954 1807 et
972 1760 1129 1824 liquari
1147 1778 1235 1807 non
1260 1770 1404 1806 cesset.
1436 1759 1527 1806 Illis

150 1830 262 1877 enim
282 1831 359 1894 qui
380 1841 531 1876 contra
555 1830 851 1884 Christianam
873 1831 1003 1878 fidem
1021 1832 1217 1895 querelas
1232 1831 1392 1894 impias
1424 1834 1527 1891 jac-

153 1911 240 1948 tare
252 1918 340 1949 non
356 1903 603 1964 quiescunt,
622 1902 831 1953 (licentes,
850 1903 968 1966 quod
984 1914 1216 1967 antequam
1230 1903 1308 1949 ista
1327 1902 1526 1949 doctrina

148 1988 228 2034 per
250 1972 464 2020 mundum
497 1972 834 2035 praedicaretur,
864 1984 983 2019 tanta
1024 1974 1136 2020 mala
1165 1991 1252 2020 non
1277 1973 1527 2037 patiebatur

149 2048 279 2102 genus
301 2041 566 2099 humanum,
583 2042 709 2089 facile
732 2054 794 2089 est
813 2062 860 2098 ex
890 2044 1124 2105 Evangelio
1143 2045 1397 2109 repondere.
1428 2047 1524 2090 Do-

148 2111 293 2161 minus
305 2112 422 2160 enim
449 2112 558 2160 dicit
579 2130 592 2159 2
613 2134 633 2156 α
652 2114 809 2161 Servus
834 2115 1026 2162 nesciens
1044 2115 1313 2162 voluntatem
1347 2115 1526 2162 Domini

151 2204 172 2228 1>
191 2183 276 2239 sui,
308 2193 350 2229 et
370 2182 534 2230 faciens
555 2184 686 2245 digna
708 2186 848 2249 plagis
874 2205 885 2232 :
907 2188 1140 2251 vapulabit
1167 2203 1360 2251 paucas:
1389 2203 1535 2234 servus

150 2274 172 2295 ›>
188 2263 332 2308 autem
355 2253 492 2300 sciens
515 2253 782 2302 voluntatem
806 2257 974 2305 domini
1011 2258 1095 2314 sui,
1136 2269 1178 2305 et
1206 2258 1366 2304 faciens
1389 2257 1524 2319 digna

150 2343 172 2371 ι)
195 2323 360 2386 plagis,
394 2325 626 2388 vapulabit
665 2327 822 2380 multas
836 2328 870 2376 1.
901 2351 920 2371 n
948 2329 1073 2389 Quid
1114 2346 1215 2389 ergo
1250 2328 1412 2374 mirum
1438 2365 1448 2384 ,
1490 2328 1525 2374 si

149 2394 421 2458 temporibus
441 2395 519 2442 iste
541 2397 748 2455 mundus,
768 2410 974 2464 tanquam
995 2418 1140 2446 servus
1158 2405 1249 2460 jam
1267 2399 1403 2447 sciens
1442 2417 1525 2445 vo·-

148 2465 361 2514 lunt'atem
394 2467 568 2523 Domini
592 2468 676 2525 sui,
714 2481 756 2515 et
775 2469 936 2516 faciens
973 2471 1105 2531 digna
1145 2471 1300 2535 plagis,
1342 2471 1526 2535 vapulat

151 2535 334 2585 multas?
361 2536 603 2585 Attendunt
626 2551 790 2602 quanta
808 2540 1025 2594 celeritate
1050 2542 1332 2603 liv-angelium
1361 2542 1526 2605 praedi—

200 2619 208 2640 ¹
227 2621 303 2649 Luc.
324 2629 383 2656 κῃ,
407 2625 462 2659 47.
