1902 3268
393 335 488 392 430
815 352 851 383 5.
893 349 1140 384 Aucusnm
1174 351 1379 384 Emscom

392 425 481 475 tur,
509 426 558 463 ut
594 417 739 464 locum
769 417 816 463 in
841 417 900 463 eis
934 417 1112 463 diabolo
1141 418 1316 466 faciant.
1349 421 1462 465 Cum
1495 429 1637 467 autem
1660 419 1773 467 iras-

391 498 554 534 cuntur
575 488 705 534 nobis
726 486 780 534 de
800 504 991 553 quorum
1023 488 1159 535 salute
1182 491 1436 551 satagimus,
1457 507 1664 552 magnum
1687 491 1772 538 illis

389 559 620 605 consilium
651 559 936 616 vindicandi,
963 569 1024 605 est
1046 559 1185 606 libido
1206 561 1450 619 moriendi,
1486 580 1575 609 non
1600 563 1642 609 in
1665 579 1768 609 cor-

387 645 497 692 pore
514 666 526 687 ,
560 630 635 677 sed
660 630 704 677 in
723 631 853 678 corde
869 668 880 687 ,
907 631 986 677 ubi
1017 632 1147 677 funus
1172 632 1343 678 occulte
1365 633 1489 696 prius
1512 650 1589 679 suo
1613 644 1772 698 putore

385 699 603 757 sentitur,
647 718 780 766 quam
822 712 970 748 nostra
1014 702 1276 762 cogitatione
1318 703 1602 783 prospicitur.
1651 705 1769 751 Huic

382 787 492 817 meae
516 771 802 820 sollicitudini
826 773 982 838 procul
1005 772 1142 819 dubio
1167 774 1353 820 libenter
1376 775 1620 835 ignoscitis:
1645 793 1768 839 prae-

382 842 529 888 sertim
554 845 763 908 quoniam
786 845 820 890 si
843 845 1174 902 succenseretis,
1202 856 1243 892 et
1265 846 1428 892 velletis
1453 846 1628 903 ulcisci,
1654 847 1766 894 nihil

379 910 558 960 fortasse
591 915 763 975 gravius
791 917 1039 963 inveniretis
1057 954 1067 973 ‚
1111 934 1242 980 quani
1265 917 1312 963 id
1339 917 1457 981 quod
1479 917 1640 981 patior,
1664 935 1765 964 cum

381 998 455 1028 vos
482 984 714 1045 Thagastae
752 1003 840 1032 non
874 988 1016 1035 video.
1056 988 1194 1051 Speio
1228 999 1369 1034 autem
1402 989 1554 1035 vestris
1590 988 1767 1048 adjutus

380 1052 683 1112 orationibus,
725 1056 846 1119 quod
885 1057 996 1102 mihi
1034 1057 1089 1103 ad
1120 1075 1197 1105 vos
1230 1059 1500 1123 ubicumque
1534 1059 1579 1104 in
1618 1058 1764 1105 Africa

375 1122 574 1182 fueritis,
609 1126 754 1172 venire
785 1138 1060 1192 quantocyus
1094 1129 1377 1184 concedetur,
1410 1146 1510 1175 cum
1534 1129 1645 1186 hoc,
1673 1146 1763 1194 quo

376 1209 495 1240 nunc
521 1194 721 1243 detentus
747 1214 840 1244 sum
862 1235 874 1255 ,
910 1199 1202 1262 praeterierit:
1236 1200 1269 1246 si
1302 1200 1400 1246 haec
1427 1200 1579 1246 civitas
1607 1199 1651 1245 in
1674 1216 1763 1263 qua

375 1263 650 1325 laboramus,
683 1268 814 1330 digna
840 1286 929 1315 non
958 1281 1045 1327 est,
1078 1271 1182 1334 quia
1213 1289 1292 1317 nec
1317 1288 1395 1332 ego
1421 1270 1559 1317 audeo
1585 1270 1761 1331 dignam

374 1346 556 1397 putare,
584 1356 684 1403 quae
708 1340 940 1390 nobiscum
966 1341 1019 1388 de
1043 1354 1184 1390 vestra
1207 1343 1442 1408 praescntia
1464 1341 1720 1389 collaetetur.
