<?xml version="1.0" encoding="UTF-8"?>
<!DOCTYPE html PUBLIC "-//W3C//DTD XHTML 1.0 Transitional//EN"
    "http://www.w3.org/TR/xhtml1/DTD/xhtml1-transitional.dtd">
<html xmlns="http://www.w3.org/1999/xhtml" xml:lang="en" lang="en">
 <head>
  <title>
</title>
<meta http-equiv="Content-Type" content="text/html;charset=utf-8" />
  <meta name='ocr-system' content='tesseract 3.04.00' />
  <meta name='ocr-capabilities' content='ocr_page ocr_carea ocr_par ocr_line ocrx_word'/>
</head>
<body>
  <div class='ocr_page' id='page_1' title='image "./operaomniaaccura39auguuoft/operaomniaaccura39auguuoft_0426.png"; bbox 0 0 1902 3268; ppageno 0'>
   <div class='ocr_carea' id='block_1_1' title="bbox 367 309 1330 363">
    <p class='ocr_par' dir='ltr' id='par_1_1' title="bbox 367 309 1330 363">
     <span class='ocr_line' id='line_1_1' title="bbox 367 309 1330 363; baseline -0.004 -10"><span class='ocrx_word' id='word_1_1' title='bbox 367 309 461 363; x_wconf 68' lang='lat'>410</span> <span class='ocrx_word' id='word_1_2' title='bbox 771 321 804 348; x_wconf 68' lang='lat' dir='ltr'>s.</span> <span class='ocrx_word' id='word_1_3' title='bbox 850 318 1092 350; x_wconf 60' lang='lat' dir='ltr'>At‘GUSTtNI</span> <span class='ocrx_word' id='word_1_4' title='bbox 1128 316 1330 351; x_wconf 68' lang='lat' dir='ltr'>131‘1scor1</span> 
     </span>
    </p>
   </div>
   <div class='ocr_carea' id='block_1_2' title="bbox 366 381 1751 800">
    <p class='ocr_par' dir='ltr' id='par_1_2' title="bbox 366 381 1751 800">
     <span class='ocr_line' id='line_1_2' title="bbox 368 381 1744 466; baseline -0.002 -32"><span class='ocrx_word' id='word_1_5' title='bbox 368 390 404 434; x_wconf 83' lang='lat' dir='ltr'>A</span> <span class='ocrx_word' id='word_1_6' title='bbox 428 404 515 466; x_wconf 82' lang='lat' dir='ltr'>quo</span> <span class='ocrx_word' id='word_1_7' title='bbox 540 387 662 451; x_wconf 72' lang='lat' dir='ltr'>ipso?</span> <span class='ocrx_word' id='word_1_8' title='bbox 687 386 740 430; x_wconf 86' lang='lat' dir='ltr'>Et</span> <span class='ocrx_word' id='word_1_9' title='bbox 759 386 977 448; x_wconf 88' lang='lat' dir='ltr'>numquid</span> <span class='ocrx_word' id='word_1_10' title='bbox 1000 403 1126 433; x_wconf 86' lang='lat' dir='ltr'>canes</span> <span class='ocrx_word' id='word_1_11' title='bbox 1145 387 1225 432; x_wconf 88' lang='lat' dir='ltr'>Dei</span> <span class='ocrx_word' id='word_1_12' title='bbox 1242 385 1330 432; x_wconf 88' lang='lat' dir='ltr'>dici</span> <span class='ocrx_word' id='word_1_13' title='bbox 1350 394 1569 449; x_wconf 59' lang='lat' dir='ltr'>possunt„</span> <span class='ocrx_word' id='word_1_14' title='bbox 1548 381 1744 443; x_wconf 62' lang='lat' dir='ltr'>annulos,</span> 
     </span>
     <span class='ocr_line' id='line_1_3' title="bbox 367 454 1751 522; baseline -0.001 -18"><span class='ocrx_word' id='word_1_15' title='bbox 367 473 476 522; x_wconf 90' lang='lat' dir='ltr'>quos</span> <span class='ocrx_word' id='word_1_16' title='bbox 493 458 584 522; x_wconf 87' lang='lat' dir='ltr'>ipse</span> <span class='ocrx_word' id='word_1_17' title='bbox 604 458 648 501; x_wconf 89' lang='lat' dir='ltr'>in</span> <span class='ocrx_word' id='word_1_18' title='bbox 673 454 906 514; x_wconf 81' lang='lat' dir='ltr'>Evangelio</span> <span class='ocrx_word' id='word_1_19' title='bbox 925 473 1053 502; x_wconf 87' lang='lat' dir='ltr'>canes</span> <span class='ocrx_word' id='word_1_20' title='bbox 1071 457 1291 503; x_wconf 87' lang='lat' dir='ltr'>nominat</span> <span class='ocrx_word' id='word_1_21' title='bbox 1283 460 1301 493; x_wconf 65' lang='grc' dir='ltr'>ἵ)</span> <span class='ocrx_word' id='word_1_22' title='bbox 1322 458 1492 503; x_wconf 86' lang='lat' dir='ltr'>Aut-ne</span> <span class='ocrx_word' id='word_1_23' title='bbox 1507 457 1646 503; x_wconf 83' lang='lat' dir='ltr'>forte</span> <span class='ocrx_word' id='word_1_24' title='bbox 1635 474 1751 520; x_wconf 84' lang='lat' dir='ltr'>ipsos</span> 
     </span>
     <span class='ocr_line' id='line_1_4' title="bbox 367 524 1751 593; baseline -0.001 -17"><span class='ocrx_word' id='word_1_25' title='bbox 367 546 494 577; x_wconf 88' lang='lat' dir='ltr'>canes</span> <span class='ocrx_word' id='word_1_26' title='bbox 512 528 591 573; x_wconf 87' lang='lat' dir='ltr'>Dei</span> <span class='ocrx_word' id='word_1_27' title='bbox 609 526 729 572; x_wconf 83' lang='lat' dir='ltr'>dicat</span> <span class='ocrx_word' id='word_1_28' title='bbox 746 524 954 588; x_wconf 77' lang='lat' dir='ltr'>1‚quales</span> <span class='ocrx_word' id='word_1_29' title='bbox 974 526 1178 572; x_wconf 70' lang='lat' dir='ltr'>testimari</span> <span class='ocrx_word' id='word_1_30' title='bbox 1197 538 1398 590; x_wconf 87' lang='lat' dir='ltr'>possunt,</span> <span class='ocrx_word' id='word_1_31' title='bbox 1420 528 1455 574; x_wconf 90' lang='lat' dir='ltr'>si</span> <span class='ocrx_word' id='word_1_32' title='bbox 1473 528 1550 593; x_wconf 93' lang='lat' dir='ltr'>qui</span> <span class='ocrx_word' id='word_1_33' title='bbox 1575 529 1751 574; x_wconf 89' lang='lat' dir='ltr'>nomine</span> 
     </span>
     <span class='ocr_line' id='line_1_5' title="bbox 368 563 1749 661; baseline -0.001 -16"><span class='ocrx_word' id='word_1_34' title='bbox 368 598 600 646; x_wconf 84' lang='lat' dir='ltr'>Chritiano</span> <span class='ocrx_word' id='word_1_35' title='bbox 633 563 848 657; x_wconf 80' lang='lat' dir='ltr'>gentiliter</span> <span class='ocrx_word' id='word_1_36' title='bbox 882 596 1054 653; x_wconf 86' lang='lat' dir='ltr'>vivant,</span> <span class='ocrx_word' id='word_1_37' title='bbox 1083 613 1271 660; x_wconf 90' lang='lat' dir='ltr'>quorum</span> <span class='ocrx_word' id='word_1_38' title='bbox 1298 615 1400 661; x_wconf 87' lang='lat' dir='ltr'>pars</span> <span class='ocrx_word' id='word_1_39' title='bbox 1428 614 1528 644; x_wconf 91' lang='lat' dir='ltr'>cum</span> <span class='ocrx_word' id='word_1_40' title='bbox 1555 598 1749 644; x_wconf 83' lang='lat' dir='ltr'>infideli-</span> 
     </span>
     <span class='ocr_line' id='line_1_6' title="bbox 366 667 1750 733; baseline -0.001 -18"><span class='ocrx_word' id='word_1_41' title='bbox 366 669 450 715; x_wconf 86' lang='lat' dir='ltr'>bus</span> <span class='ocrx_word' id='word_1_42' title='bbox 479 669 682 733; x_wconf 83' lang='lat' dir='ltr'>ponitur3</span> <span class='ocrx_word' id='word_1_43' title='bbox 711 667 816 732; x_wconf 86' lang='lat' dir='ltr'>quia</span> <span class='ocrx_word' id='word_1_44' title='bbox 840 667 979 713; x_wconf 90' lang='lat' dir='ltr'>Deum</span> <span class='ocrx_word' id='word_1_45' title='bbox 1008 684 1138 733; x_wconf 89' lang='lat' dir='ltr'>quem</span> <span class='ocrx_word' id='word_1_46' title='bbox 1164 667 1308 716; x_wconf 87' lang='lat' dir='ltr'>verbis</span> <span class='ocrx_word' id='word_1_47' title='bbox 1330 668 1482 714; x_wconf 88' lang='lat' dir='ltr'>colunt</span> <span class='ocrx_word' id='word_1_48' title='bbox 1512 668 1639 714; x_wconf 80' lang='lat' dir='ltr'>factis</span> <span class='ocrx_word' id='word_1_49' title='bbox 1671 686 1750 713; x_wconf 81' lang='lat' dir='ltr'>ne·-</span> 
     </span>
     <span class='ocr_line' id='line_1_7' title="bbox 369 743 548 800; baseline 0 -15"><span class='ocrx_word' id='word_1_50' title='bbox 369 743 505 800; x_wconf 59' lang='lat' dir='ltr'>gant?</span> <span class='ocrx_word' id='word_1_51' title='bbox 530 761 548 781; x_wconf 67' lang='grc' dir='ltr'>υ</span> 
     </span>
    </p>
   </div>
   <div class='ocr_carea' id='block_1_3' title="bbox 736 844 1396 881">
    <p class='ocr_par' dir='ltr' id='par_1_3' title="bbox 736 844 1396 881">
     <span class='ocr_line' id='line_1_8' title="bbox 736 844 1396 881; baseline -0.002 -5"><span class='ocrx_word' id='word_1_52' title='bbox 736 844 1023 881; x_wconf 81' lang='lat' dir='ltr'><strong>QUAESTIONES</strong></span> <span class='ocrx_word' id='word_1_53' title='bbox 1059 844 1115 874; x_wconf 84' lang='lat' dir='ltr'>Ex</span> <span class='ocrx_word' id='word_1_54' title='bbox 1153 845 1396 875; x_wconf 85' lang='lat' dir='ltr'>APOSTOLO.</span> 
     </span>
    </p>
   </div>
   <div class='ocr_carea' id='block_1_4' title="bbox 368 934 1763 2618">
    <p class='ocr_par' dir='ltr' id='par_1_4' title="bbox 368 934 1763 2618">
     <span class='ocr_line' id='line_1_9' title="bbox 434 934 1755 998; baseline -0.002 -13"><span class='ocrx_word' id='word_1_55' title='bbox 434 939 512 985; x_wconf 84' lang='lat' dir='ltr'>lX.</span> <span class='ocrx_word' id='word_1_56' title='bbox 555 938 764 995; x_wconf 77' lang='lat' dir='ltr'>QUAEsrio</span> <span class='ocrx_word' id='word_1_57' title='bbox 792 936 852 980; x_wconf 84' lang='lat' dir='ltr'>de</span> <span class='ocrx_word' id='word_1_58' title='bbox 876 934 1056 998; x_wconf 76' lang='lat' dir='ltr'>Ephes.</span> <span class='ocrx_word' id='word_1_59' title='bbox 1087 951 1150 992; x_wconf 84' lang='lat' dir='ltr'>IV,</span> <span class='ocrx_word' id='word_1_60' title='bbox 1194 951 1263 983; x_wconf 80' lang='grc' dir='ltr'>ιι.</span> <span class='ocrx_word' id='word_1_61' title='bbox 1305 935 1452 982; x_wconf 84' lang='lat' dir='ltr'>«Haec</span> <span class='ocrx_word' id='word_1_62' title='bbox 1495 937 1665 983; x_wconf 83' lang='lat' dir='ltr'>interim</span> <span class='ocrx_word' id='word_1_63' title='bbox 1701 937 1755 984; x_wconf 83' lang='lat' dir='ltr'>de</span> 
     </span>
     <span class='ocr_line' id='line_1_10' title="bbox 369 1004 1753 1070; baseline -0.001 -15"><span class='ocrx_word' id='word_1_64' title='bbox 369 1007 582 1063; x_wconf 84' lang='lat' dir='ltr'>Psalmis,</span> <span class='ocrx_word' id='word_1_65' title='bbox 608 1023 727 1052; x_wconf 88' lang='lat' dir='ltr'>nunc</span> <span class='ocrx_word' id='word_1_66' title='bbox 751 1015 792 1051; x_wconf 89' lang='lat' dir='ltr'>et</span> <span class='ocrx_word' id='word_1_67' title='bbox 821 1004 876 1050; x_wconf 90' lang='lat' dir='ltr'>de</span> <span class='ocrx_word' id='word_1_68' title='bbox 908 1004 1119 1067; x_wconf 84' lang='lat' dir='ltr'>Apostolo</span> <span class='ocrx_word' id='word_1_69' title='bbox 1152 1006 1465 1069; x_wconf 89' lang='lat' dir='ltr'>quodcumque</span> <span class='ocrx_word' id='word_1_70' title='bbox 1491 1023 1753 1070; x_wconf 81' lang='lat' dir='ltr'>proponam.</span> 
     </span>
     <span class='ocr_line' id='line_1_11' title="bbox 369 1074 1755 1140; baseline -0.002 -14"><span class='ocrx_word' id='word_1_71' title='bbox 369 1079 493 1126; x_wconf 85' lang='lat' dir='ltr'>Dicit</span> <span class='ocrx_word' id='word_1_72' title='bbox 518 1078 573 1123; x_wconf 84' lang='lat' dir='ltr'>ad</span> <span class='ocrx_word' id='word_1_73' title='bbox 598 1074 808 1140; x_wconf 83' lang='lat' dir='ltr'>Ephesios</span> <span class='ocrx_word' id='word_1_74' title='bbox 825 1074 944 1138; x_wconf 89' lang='lat' dir='ltr'>quod</span> <span class='ocrx_word' id='word_1_75' title='bbox 964 1075 1009 1119; x_wconf 89' lang='lat' dir='ltr'>in</span> <span class='ocrx_word' id='word_1_76' title='bbox 1039 1075 1121 1120; x_wconf 85' lang='lat' dir='ltr'>alia</span> <span class='ocrx_word' id='word_1_77' title='bbox 1139 1076 1322 1138; x_wconf 84' lang='lat' dir='ltr'>epistola</span> <span class='ocrx_word' id='word_1_78' title='bbox 1348 1076 1512 1122; x_wconf 84' lang='lat' dir='ltr'>dixerat</span> <span class='ocrx_word' id='word_1_79' title='bbox 1535 1076 1590 1123; x_wconf 89' lang='lat' dir='ltr'>de</span> <span class='ocrx_word' id='word_1_80' title='bbox 1609 1077 1755 1137; x_wconf 88' lang='lat' dir='ltr'>gradi-</span> 
     </span>
     <span class='ocr_line' id='line_1_12' title="bbox 368 1144 1757 1210; baseline -0.003 -14"><span class='ocrx_word' id='word_1_81' title='bbox 368 1150 453 1196; x_wconf 83' lang='lat' dir='ltr'>bus</span> <span class='ocrx_word' id='word_1_82' title='bbox 475 1147 543 1194; x_wconf 88' lang='lat' dir='ltr'>vel</span> <span class='ocrx_word' id='word_1_83' title='bbox 569 1146 800 1193; x_wconf 82' lang='lat' dir='ltr'>ordinibus</span> <span class='ocrx_word' id='word_1_84' title='bbox 829 1144 1168 1207; x_wconf 83' lang='lat' dir='ltr'>dispositionum</span> <span class='ocrx_word' id='word_1_85' title='bbox 1200 1147 1276 1191; x_wconf 90' lang='lat' dir='ltr'>Dei</span> <span class='ocrx_word' id='word_1_86' title='bbox 1300 1181 1309 1200; x_wconf 92' lang='lat'>,</span> <span class='ocrx_word' id='word_1_87' title='bbox 1347 1158 1553 1209; x_wconf 83' lang='lat' dir='ltr'>operante</span> <span class='ocrx_word' id='word_1_88' title='bbox 1587 1147 1757 1210; x_wconf 82' lang='lat' dir='ltr'>Spiritu</span> 
     </span>
     <span class='ocr_line' id='line_1_13' title="bbox 368 1215 1758 1280; baseline -0.003 -14"><span class='ocrx_word' id='word_1_89' title='bbox 368 1229 519 1266; x_wconf 85' lang='lat' dir='ltr'>sancto</span> <span class='ocrx_word' id='word_1_90' title='bbox 541 1217 773 1264; x_wconf 77' lang='lat' dir='ltr'>divisiones</span> <span class='ocrx_word' id='word_1_91' title='bbox 796 1215 1035 1276; x_wconf 83' lang='lat' dir='ltr'>gratiarum</span> <span class='ocrx_word' id='word_1_92' title='bbox 1057 1233 1069 1261; x_wconf 70' lang='grc' dir='ltr'>ε</span> <span class='ocrx_word' id='word_1_93' title='bbox 1098 1237 1116 1256; x_wconf 77' lang='grc' dir='ltr'>α</span> <span class='ocrx_word' id='word_1_94' title='bbox 1131 1216 1186 1261; x_wconf 85' lang='lat' dir='ltr'>Et</span> <span class='ocrx_word' id='word_1_95' title='bbox 1210 1215 1422 1279; x_wconf 89' lang='lat' dir='ltr'>quosdam</span> <span class='ocrx_word' id='word_1_96' title='bbox 1440 1216 1617 1280; x_wconf 87' lang='lat' dir='ltr'>quidem</span> <span class='ocrx_word' id='word_1_97' title='bbox 1636 1216 1758 1262; x_wconf 85' lang='lat' dir='ltr'>dedit</span> 
     </span>
     <span class='ocr_line' id='line_1_14' title="bbox 372 1285 1760 1354; baseline 0.001 -22"><span class='ocrx_word' id='word_1_98' title='bbox 372 1313 394 1333; x_wconf 86' lang='lat'>»</span> <span class='ocrx_word' id='word_1_99' title='bbox 414 1288 662 1354; x_wconf 84' lang='lat' dir='ltr'>Apostolos,</span> <span class='ocrx_word' id='word_1_100' title='bbox 689 1285 904 1350; x_wconf 87' lang='lat' dir='ltr'>quosdam</span> <span class='ocrx_word' id='word_1_101' title='bbox 925 1297 1068 1332; x_wconf 89' lang='lat' dir='ltr'>autem</span> <span class='ocrx_word' id='word_1_102' title='bbox 1092 1286 1356 1351; x_wconf 83' lang='lat' dir='ltr'>Prophetas,</span> <span class='ocrx_word' id='word_1_103' title='bbox 1376 1286 1482 1333; x_wconf 88' lang='lat' dir='ltr'>alios</span> <span class='ocrx_word' id='word_1_104' title='bbox 1496 1303 1598 1334; x_wconf 88' lang='lat' dir='ltr'>vero</span> <span class='ocrx_word' id='word_1_105' title='bbox 1617 1287 1760 1334; x_wconf 84' lang='lat' dir='ltr'>Evan-</span> 
     </span>
     <span class='ocr_line' id='line_1_15' title="bbox 375 1358 1758 1422; baseline 0 -18"><span class='ocrx_word' id='word_1_106' title='bbox 375 1381 398 1405; x_wconf 84' lang='lat'>»</span> <span class='ocrx_word' id='word_1_107' title='bbox 415 1360 606 1422; x_wconf 85' lang='lat' dir='ltr'>gelistas,</span> <span class='ocrx_word' id='word_1_108' title='bbox 634 1358 739 1405; x_wconf 91' lang='lat' dir='ltr'>alios</span> <span class='ocrx_word' id='word_1_109' title='bbox 763 1366 909 1404; x_wconf 86' lang='lat' dir='ltr'>autem</span> <span class='ocrx_word' id='word_1_110' title='bbox 928 1358 1127 1404; x_wconf 90' lang='lat' dir='ltr'>Pastores</span> <span class='ocrx_word' id='word_1_111' title='bbox 1150 1368 1193 1403; x_wconf 87' lang='lat' dir='ltr'>et</span> <span class='ocrx_word' id='word_1_112' title='bbox 1218 1362 1430 1403; x_wconf 87' lang='lat' dir='ltr'>Doctores</span> <span class='ocrx_word' id='word_1_113' title='bbox 1463 1358 1518 1404; x_wconf 87' lang='lat' dir='ltr'>ad</span> <span class='ocrx_word' id='word_1_114' title='bbox 1549 1374 1758 1404; x_wconf 80' lang='lat' dir='ltr'>consum—</span> 
     </span>
     <span class='ocr_line' id='line_1_16' title="bbox 372 1427 1759 1493; baseline 0 -18"><span class='ocrx_word' id='word_1_115' title='bbox 372 1431 647 1478; x_wconf 82' lang='lat' dir='ltr'>»mationem</span> <span class='ocrx_word' id='word_1_116' title='bbox 671 1440 919 1476; x_wconf 88' lang='lat' dir='ltr'>sanctorum</span> <span class='ocrx_word' id='word_1_117' title='bbox 936 1427 955 1457; x_wconf 62' lang='lat' dir='ltr'>l·</span> <span class='ocrx_word' id='word_1_118' title='bbox 973 1466 983 1481; x_wconf 86' lang='lat'>,</span> <span class='ocrx_word' id='word_1_119' title='bbox 1007 1449 1027 1471; x_wconf 85' lang='lat'>›&gt;</span> <span class='ocrx_word' id='word_1_120' title='bbox 1051 1438 1093 1474; x_wconf 89' lang='lat' dir='ltr'>et</span> <span class='ocrx_word' id='word_1_121' title='bbox 1114 1428 1294 1493; x_wconf 88' lang='lat' dir='ltr'>reliqua.</span> <span class='ocrx_word' id='word_1_122' title='bbox 1333 1429 1431 1474; x_wconf 93' lang='lat' dir='ltr'>Hoc</span> <span class='ocrx_word' id='word_1_123' title='bbox 1455 1440 1563 1492; x_wconf 91' lang='lat' dir='ltr'>opto</span> <span class='ocrx_word' id='word_1_124' title='bbox 1591 1429 1759 1476; x_wconf 89' lang='lat' dir='ltr'>destin-</span> 
     </span>
     <span class='ocr_line' id='line_1_17' title="bbox 375 1499 1760 1564; baseline -0.003 -15"><span class='ocrx_word' id='word_1_125' title='bbox 375 1518 480 1563; x_wconf 85' lang='lat' dir='ltr'>guas</span> <span class='ocrx_word' id='word_1_126' title='bbox 501 1500 612 1547; x_wconf 85' lang='lat' dir='ltr'>mihi</span> <span class='ocrx_word' id='word_1_127' title='bbox 636 1500 682 1546; x_wconf 89' lang='lat' dir='ltr'>in</span> <span class='ocrx_word' id='word_1_128' title='bbox 714 1499 800 1545; x_wconf 86' lang='lat' dir='ltr'>hac</span> <span class='ocrx_word' id='word_1_129' title='bbox 833 1499 1084 1546; x_wconf 85' lang='lat' dir='ltr'>diversitate</span> <span class='ocrx_word' id='word_1_130' title='bbox 1117 1500 1345 1545; x_wconf 86' lang='lat' dir='ltr'>nominum</span> <span class='ocrx_word' id='word_1_131' title='bbox 1362 1535 1372 1554; x_wconf 95' lang='lat'>,</span> <span class='ocrx_word' id='word_1_132' title='bbox 1401 1515 1504 1563; x_wconf 87' lang='lat' dir='ltr'>quae</span> <span class='ocrx_word' id='word_1_133' title='bbox 1523 1499 1578 1545; x_wconf 85' lang='lat' dir='ltr'>sit</span> <span class='ocrx_word' id='word_1_134' title='bbox 1601 1499 1760 1564; x_wconf 89' lang='lat' dir='ltr'>cuique</span> 
     </span>
     <span class='ocr_line' id='line_1_18' title="bbox 372 1569 1760 1634; baseline -0.003 -15"><span class='ocrx_word' id='word_1_135' title='bbox 372 1572 540 1619; x_wconf 88' lang='lat' dir='ltr'>nomini</span> <span class='ocrx_word' id='word_1_136' title='bbox 561 1570 806 1617; x_wconf 83' lang='lat' dir='ltr'>officiorum</span> <span class='ocrx_word' id='word_1_137' title='bbox 840 1569 909 1615; x_wconf 88' lang='lat' dir='ltr'>vel</span> <span class='ocrx_word' id='word_1_138' title='bbox 939 1570 1177 1630; x_wconf 86' lang='lat' dir='ltr'>gratiarum</span> <span class='ocrx_word' id='word_1_139' title='bbox 1211 1571 1455 1633; x_wconf 85' lang='lat' dir='ltr'>proprietas</span> <span class='ocrx_word' id='word_1_140' title='bbox 1479 1587 1489 1615; x_wconf 76' lang='grc' dir='ltr'><strong><em>ε</em></strong></span> <span class='ocrx_word' id='word_1_141' title='bbox 1517 1569 1626 1634; x_wconf 89' lang='lat' dir='ltr'>quid</span> <span class='ocrx_word' id='word_1_142' title='bbox 1650 1587 1760 1634; x_wconf 87' lang='lat' dir='ltr'>pro-</span> 
     </span>
     <span class='ocr_line' id='line_1_19' title="bbox 374 1640 1761 1705; baseline -0.002 -17"><span class='ocrx_word' id='word_1_143' title='bbox 374 1643 523 1705; x_wconf 89' lang='lat' dir='ltr'>prium</span> <span class='ocrx_word' id='word_1_144' title='bbox 548 1641 603 1686; x_wconf 90' lang='lat' dir='ltr'>sit</span> <span class='ocrx_word' id='word_1_145' title='bbox 626 1640 955 1703; x_wconf 82' lang='lat' dir='ltr'>Apostolorum,</span> <span class='ocrx_word' id='word_1_146' title='bbox 974 1640 1085 1703; x_wconf 90' lang='lat' dir='ltr'>quid</span> <span class='ocrx_word' id='word_1_147' title='bbox 1106 1640 1432 1702; x_wconf 81' lang='lat' dir='ltr'>Prophetarum</span> <span class='ocrx_word' id='word_1_148' title='bbox 1452 1676 1463 1695; x_wconf 81' lang='lat'>,</span> <span class='ocrx_word' id='word_1_149' title='bbox 1485 1640 1594 1702; x_wconf 89' lang='lat' dir='ltr'>quid</span> <span class='ocrx_word' id='word_1_150' title='bbox 1618 1643 1761 1686; x_wconf 88' lang='lat' dir='ltr'>Evan-</span> 
     </span>
     <span class='ocr_line' id='line_1_20' title="bbox 374 1709 1761 1773; baseline -0.001 -15"><span class='ocrx_word' id='word_1_151' title='bbox 374 1711 627 1773; x_wconf 86' lang='lat' dir='ltr'>gelistarum</span> <span class='ocrx_word' id='word_1_152' title='bbox 645 1747 656 1766; x_wconf 92' lang='lat'>,</span> <span class='ocrx_word' id='word_1_153' title='bbox 682 1709 792 1773; x_wconf 87' lang='lat' dir='ltr'>quid</span> <span class='ocrx_word' id='word_1_154' title='bbox 817 1711 1046 1755; x_wconf 87' lang='lat' dir='ltr'>Pastorum</span> <span class='ocrx_word' id='word_1_155' title='bbox 1066 1747 1077 1766; x_wconf 86' lang='lat'>,</span> <span class='ocrx_word' id='word_1_156' title='bbox 1104 1709 1267 1773; x_wconf 88' lang='lat' dir='ltr'>quidve</span> <span class='ocrx_word' id='word_1_157' title='bbox 1292 1711 1553 1756; x_wconf 89' lang='lat' dir='ltr'>Doctorum.</span> <span class='ocrx_word' id='word_1_158' title='bbox 1585 1711 1637 1754; x_wconf 92' lang='lat' dir='ltr'>In</span> <span class='ocrx_word' id='word_1_159' title='bbox 1661 1726 1761 1756; x_wconf 88' lang='lat' dir='ltr'>om-</span> 
     </span>
     <span class='ocr_line' id='line_1_21' title="bbox 379 1780 1758 1844; baseline -0.003 -15"><span class='ocrx_word' id='word_1_160' title='bbox 379 1783 513 1829; x_wconf 90' lang='lat' dir='ltr'>nibus</span> <span class='ocrx_word' id='word_1_161' title='bbox 537 1782 653 1827; x_wconf 89' lang='lat' dir='ltr'>enim</span> <span class='ocrx_word' id='word_1_162' title='bbox 671 1780 741 1826; x_wconf 89' lang='lat' dir='ltr'>his</span> <span class='ocrx_word' id='word_1_163' title='bbox 763 1780 942 1827; x_wconf 88' lang='lat' dir='ltr'>diversis</span> <span class='ocrx_word' id='word_1_164' title='bbox 964 1781 1218 1826; x_wconf 89' lang='lat' dir='ltr'>nominibus</span> <span class='ocrx_word' id='word_1_165' title='bbox 1236 1780 1374 1825; x_wconf 90' lang='lat' dir='ltr'>simile</span> <span class='ocrx_word' id='word_1_166' title='bbox 1397 1790 1439 1825; x_wconf 87' lang='lat' dir='ltr'>et</span> <span class='ocrx_word' id='word_1_167' title='bbox 1455 1797 1595 1844; x_wconf 85' lang='lat' dir='ltr'>prope</span> <span class='ocrx_word' id='word_1_168' title='bbox 1620 1796 1758 1826; x_wconf 88' lang='lat' dir='ltr'>unum</span> 
     </span>
     <span class='ocr_line' id='line_1_22' title="bbox 377 1850 1760 1900; baseline -0.001 -3"><span class='ocrx_word' id='word_1_169' title='bbox 377 1853 592 1900; x_wconf 88' lang='lat' dir='ltr'>doctrinae</span> <span class='ocrx_word' id='word_1_170' title='bbox 610 1850 802 1897; x_wconf 86' lang='lat' dir='ltr'>osticium</span> <span class='ocrx_word' id='word_1_171' title='bbox 820 1850 948 1898; x_wconf 88' lang='lat' dir='ltr'>video</span> <span class='ocrx_word' id='word_1_172' title='bbox 962 1851 1091 1897; x_wconf 88' lang='lat' dir='ltr'>fuisse</span> <span class='ocrx_word' id='word_1_173' title='bbox 1105 1862 1356 1897; x_wconf 83' lang='lat' dir='ltr'>tractatum.</span> <span class='ocrx_word' id='word_1_174' title='bbox 1384 1851 1477 1896; x_wconf 92' lang='lat' dir='ltr'>Hos</span> <span class='ocrx_word' id='word_1_175' title='bbox 1492 1861 1632 1897; x_wconf 84' lang='lat' dir='ltr'>autem</span> <span class='ocrx_word' id='word_1_176' title='bbox 1650 1855 1760 1896; x_wconf 85' lang='lat' dir='ltr'>Pro-</span> 
     </span>
     <span class='ocr_line' id='line_1_23' title="bbox 376 1922 1762 1988; baseline -0.001 -18"><span class='ocrx_word' id='word_1_177' title='bbox 376 1925 552 1988; x_wconf 85' lang='lat' dir='ltr'>phetas,</span> <span class='ocrx_word' id='word_1_178' title='bbox 567 1939 678 1987; x_wconf 89' lang='lat' dir='ltr'>quos</span> <span class='ocrx_word' id='word_1_179' title='bbox 691 1933 790 1986; x_wconf 93' lang='lat' dir='ltr'>post</span> <span class='ocrx_word' id='word_1_180' title='bbox 802 1923 1035 1986; x_wconf 86' lang='lat' dir='ltr'>Apostolos</span> <span class='ocrx_word' id='word_1_181' title='bbox 1051 1923 1176 1986; x_wconf 84' lang='lat' dir='ltr'>posui</span> <span class='ocrx_word' id='word_1_182' title='bbox 1187 1934 1216 1976; x_wconf 83' lang='lat' dir='ltr'>t,</span> <span class='ocrx_word' id='word_1_183' title='bbox 1238 1940 1324 1968; x_wconf 87' lang='lat' dir='ltr'>non</span> <span class='ocrx_word' id='word_1_184' title='bbox 1350 1934 1461 1985; x_wconf 89' lang='lat' dir='ltr'>puto</span> <span class='ocrx_word' id='word_1_185' title='bbox 1480 1922 1575 1968; x_wconf 87' lang='lat' dir='ltr'>illos</span> <span class='ocrx_word' id='word_1_186' title='bbox 1589 1939 1675 1968; x_wconf 88' lang='lat' dir='ltr'>esse</span> <span class='ocrx_word' id='word_1_187' title='bbox 1685 1923 1762 1986; x_wconf 86' lang='lat' dir='ltr'>qui</span> 
     </span>
     <span class='ocr_line' id='line_1_24' title="bbox 377 1992 1763 2056; baseline -0.001 -16"><span class='ocrx_word' id='word_1_188' title='bbox 377 1994 530 2040; x_wconf 83' lang='lat' dir='ltr'>ordine</span> <span class='ocrx_word' id='word_1_189' title='bbox 551 2004 800 2056; x_wconf 85' lang='lat' dir='ltr'>temporum</span> <span class='ocrx_word' id='word_1_190' title='bbox 822 2003 920 2038; x_wconf 89' lang='lat' dir='ltr'>ante</span> <span class='ocrx_word' id='word_1_191' title='bbox 939 1993 1170 2056; x_wconf 88' lang='lat' dir='ltr'>Apostolos</span> <span class='ocrx_word' id='word_1_192' title='bbox 1183 1992 1388 2046; x_wconf 88' lang='lat' dir='ltr'>fuerunt;</span> <span class='ocrx_word' id='word_1_193' title='bbox 1411 1992 1485 2038; x_wconf 88' lang='lat' dir='ltr'>sed</span> <span class='ocrx_word' id='word_1_194' title='bbox 1506 1992 1605 2038; x_wconf 87' lang='lat' dir='ltr'>illos</span> <span class='ocrx_word' id='word_1_195' title='bbox 1625 2029 1637 2049; x_wconf 90' lang='lat'>‚</span> <span class='ocrx_word' id='word_1_196' title='bbox 1666 1993 1763 2056; x_wconf 91' lang='lat' dir='ltr'>qui-</span> 
     </span>
     <span class='ocr_line' id='line_1_25' title="bbox 377 2062 1762 2126; baseline -0.002 -15"><span class='ocrx_word' id='word_1_197' title='bbox 377 2066 463 2111; x_wconf 86' lang='lat' dir='ltr'>bus</span> <span class='ocrx_word' id='word_1_198' title='bbox 481 2069 571 2124; x_wconf 84' lang='lat' dir='ltr'>jam</span> <span class='ocrx_word' id='word_1_199' title='bbox 591 2064 674 2109; x_wconf 87' lang='lat' dir='ltr'>sub</span> <span class='ocrx_word' id='word_1_200' title='bbox 693 2062 914 2126; x_wconf 88' lang='lat' dir='ltr'>Apostolis</span> <span class='ocrx_word' id='word_1_201' title='bbox 930 2080 1009 2126; x_wconf 88' lang='lat' dir='ltr'>per</span> <span class='ocrx_word' id='word_1_202' title='bbox 1028 2064 1210 2123; x_wconf 82' lang='lat' dir='ltr'>gratiam</span> <span class='ocrx_word' id='word_1_203' title='bbox 1236 2063 1499 2121; x_wconf 82' lang='lat' dir='ltr'>donabatur,</span> <span class='ocrx_word' id='word_1_204' title='bbox 1525 2073 1601 2109; x_wconf 88' lang='lat' dir='ltr'>aut</span> <span class='ocrx_word' id='word_1_205' title='bbox 1622 2063 1762 2109; x_wconf 84' lang='lat' dir='ltr'>inter-</span> 
     </span>
     <span class='ocr_line' id='line_1_26' title="bbox 378 2133 1762 2199; baseline -0.001 -19"><span class='ocrx_word' id='word_1_206' title='bbox 378 2136 566 2199; x_wconf 86' lang='lat' dir='ltr'>pretatio</span> <span class='ocrx_word' id='word_1_207' title='bbox 601 2133 930 2196; x_wconf 81' lang='lat' dir='ltr'>Scripturarum</span> <span class='ocrx_word' id='word_1_208' title='bbox 963 2142 1005 2178; x_wconf 89' lang='lat' dir='ltr'>et</span> <span class='ocrx_word' id='word_1_209' title='bbox 1035 2134 1249 2197; x_wconf 85' lang='lat' dir='ltr'>inspectio</span> <span class='ocrx_word' id='word_1_210' title='bbox 1273 2133 1511 2187; x_wconf 83' lang='lat' dir='ltr'>mentium,</span> <span class='ocrx_word' id='word_1_211' title='bbox 1543 2143 1618 2179; x_wconf 88' lang='lat' dir='ltr'>aut</span> <span class='ocrx_word' id='word_1_212' title='bbox 1640 2150 1762 2197; x_wconf 86' lang='lat' dir='ltr'>prae-</span> 
     </span>
     <span class='ocr_line' id='line_1_27' title="bbox 379 2203 1763 2268; baseline -0.001 -17"><span class='ocrx_word' id='word_1_213' title='bbox 379 2204 517 2251; x_wconf 91' lang='lat' dir='ltr'>dictio</span> <span class='ocrx_word' id='word_1_214' title='bbox 556 2204 763 2267; x_wconf 88' lang='lat' dir='ltr'>temporis</span> <span class='ocrx_word' id='word_1_215' title='bbox 795 2204 1011 2261; x_wconf 79' lang='lat' dir='ltr'>secuturi3</span> <span class='ocrx_word' id='word_1_216' title='bbox 1053 2215 1103 2250; x_wconf 89' lang='lat' dir='ltr'>ut</span> <span class='ocrx_word' id='word_1_217' title='bbox 1136 2205 1312 2264; x_wconf 78' lang='lat' dir='ltr'>Agabus</span> <span class='ocrx_word' id='word_1_218' title='bbox 1345 2203 1575 2259; x_wconf 85' lang='lat' dir='ltr'>cernebat,</span> <span class='ocrx_word' id='word_1_219' title='bbox 1614 2204 1691 2268; x_wconf 94' lang='lat' dir='ltr'>qui</span> <span class='ocrx_word' id='word_1_220' title='bbox 1720 2213 1763 2250; x_wconf 92' lang='lat' dir='ltr'>et</span> 
     </span>
     <span class='ocr_line' id='line_1_28' title="bbox 377 2274 1762 2339; baseline -0.001 -18"><span class='ocrx_word' id='word_1_221' title='bbox 377 2274 539 2322; x_wconf 84' lang='lat' dir='ltr'>famem</span> <span class='ocrx_word' id='word_1_222' title='bbox 573 2275 807 2320; x_wconf 88' lang='lat' dir='ltr'>instantem</span> <span class='ocrx_word' id='word_1_223' title='bbox 848 2274 1101 2337; x_wconf 71' lang='lat' dir='ltr'>praeclixit³‚</span> <span class='ocrx_word' id='word_1_224' title='bbox 1146 2286 1189 2320; x_wconf 88' lang='lat' dir='ltr'>et</span> <span class='ocrx_word' id='word_1_225' title='bbox 1216 2291 1317 2339; x_wconf 87' lang='lat' dir='ltr'>quae</span> <span class='ocrx_word' id='word_1_226' title='bbox 1350 2275 1503 2320; x_wconf 87' lang='lat' dir='ltr'>beatus</span> <span class='ocrx_word' id='word_1_227' title='bbox 1533 2275 1695 2320; x_wconf 86' lang='lat' dir='ltr'>Paulus</span> <span class='ocrx_word' id='word_1_228' title='bbox 1716 2274 1762 2320; x_wconf 88' lang='lat' dir='ltr'>in</span> 
     </span>
     <span class='ocr_line' id='line_1_29' title="bbox 377 2344 1761 2409; baseline -0.001 -17"><span class='ocrx_word' id='word_1_229' title='bbox 377 2345 657 2407; x_wconf 69' lang='lat' dir='ltr'>Jerosolymis</span> <span class='ocrx_word' id='word_1_230' title='bbox 668 2361 874 2409; x_wconf 86' lang='lat' dir='ltr'>passurus</span> <span class='ocrx_word' id='word_1_231' title='bbox 897 2355 1002 2391; x_wconf 88' lang='lat' dir='ltr'>esset</span> <span class='ocrx_word' id='word_1_232' title='bbox 1016 2383 1026 2401; x_wconf 86' lang='lat'>,</span> <span class='ocrx_word' id='word_1_233' title='bbox 1050 2356 1092 2390; x_wconf 90' lang='lat' dir='ltr'>et</span> <span class='ocrx_word' id='word_1_234' title='bbox 1109 2346 1244 2391; x_wconf 86' lang='lat' dir='ltr'>verbo</span> <span class='ocrx_word' id='word_1_235' title='bbox 1263 2344 1559 2401; x_wconf 88' lang='lat' dir='ltr'>denuntiavit,</span> <span class='ocrx_word' id='word_1_236' title='bbox 1581 2358 1624 2391; x_wconf 87' lang='lat' dir='ltr'>et</span> <span class='ocrx_word' id='word_1_237' title='bbox 1640 2346 1761 2404; x_wconf 82' lang='lat' dir='ltr'>signo</span> 
     </span>
     <span class='ocr_line' id='line_1_30' title="bbox 379 2414 1762 2479; baseline -0.001 -18"><span class='ocrx_word' id='word_1_238' title='bbox 379 2432 500 2462; x_wconf 83' lang='lat' dir='ltr'>zonae</span> <span class='ocrx_word' id='word_1_239' title='bbox 520 2419 610 2475; x_wconf 74' lang='lat' dir='ltr'>eius</span> <span class='ocrx_word' id='word_1_240' title='bbox 627 2414 832 2469; x_wconf 86' lang='lat' dir='ltr'>ostendit,</span> <span class='ocrx_word' id='word_1_241' title='bbox 860 2416 979 2460; x_wconf 90' lang='lat' dir='ltr'>Inter</span> <span class='ocrx_word' id='word_1_242' title='bbox 1008 2416 1209 2461; x_wconf 89' lang='lat' dir='ltr'>Pastores</span> <span class='ocrx_word' id='word_1_243' title='bbox 1228 2415 1470 2479; x_wconf 84' lang='lat' dir='ltr'>specialiter</span> <span class='ocrx_word' id='word_1_244' title='bbox 1488 2427 1529 2461; x_wconf 88' lang='lat' dir='ltr'>et</span> <span class='ocrx_word' id='word_1_245' title='bbox 1554 2417 1762 2461; x_wconf 90' lang='lat' dir='ltr'>Doctores</span> 
     </span>
     <span class='ocr_line' id='line_1_31' title="bbox 379 2484 1762 2549; baseline 0.001 -19"><span class='ocrx_word' id='word_1_246' title='bbox 379 2484 488 2548; x_wconf 90' lang='lat' dir='ltr'>quid</span> <span class='ocrx_word' id='word_1_247' title='bbox 515 2485 682 2530; x_wconf 87' lang='lat' dir='ltr'>intersit</span> <span class='ocrx_word' id='word_1_248' title='bbox 711 2484 962 2545; x_wconf 84' lang='lat' dir='ltr'>dignoscere</span> <span class='ocrx_word' id='word_1_249' title='bbox 997 2485 1098 2532; x_wconf 89' lang='lat' dir='ltr'>volo</span> <span class='ocrx_word' id='word_1_250' title='bbox 1130 2486 1231 2549; x_wconf 80' lang='lat' dir='ltr'>quia</span> <span class='ocrx_word' id='word_1_251' title='bbox 1271 2485 1521 2549; x_wconf 85' lang='lat' dir='ltr'>praepositis</span> <span class='ocrx_word' id='word_1_252' title='bbox 1558 2485 1762 2531; x_wconf 63' lang='lat' dir='ltr'>Ecclesiae</span> 
     </span>
     <span class='ocr_line' id='line_1_32' title="bbox 383 2555 1169 2618; baseline 0.001 -18"><span class='ocrx_word' id='word_1_253' title='bbox 383 2564 619 2618; x_wconf 88' lang='lat' dir='ltr'>utrumque</span> <span class='ocrx_word' id='word_1_254' title='bbox 643 2570 802 2600; x_wconf 87' lang='lat' dir='ltr'>nomen</span> <span class='ocrx_word' id='word_1_255' title='bbox 823 2555 984 2601; x_wconf 87' lang='lat' dir='ltr'>ascribi</span> <span class='ocrx_word' id='word_1_256' title='bbox 1006 2555 1126 2602; x_wconf 86' lang='lat' dir='ltr'>solet.</span> <span class='ocrx_word' id='word_1_257' title='bbox 1150 2577 1169 2597; x_wconf 90' lang='lat'>»</span> 
     </span>
    </p>
   </div>
   <div class='ocr_carea' id='block_1_5' title="bbox 433 2644 1405 2687">
    <p class='ocr_par' dir='ltr' id='par_1_5' title="bbox 433 2644 1405 2687">
     <span class='ocr_line' id='line_1_33' title="bbox 433 2644 1405 2687; baseline 0.001 -9"><span class='ocrx_word' id='word_1_258' title='bbox 433 2648 444 2669; x_wconf 71' lang='grc' dir='ltr'>Ι</span> <span class='ocrx_word' id='word_1_259' title='bbox 460 2644 575 2678; x_wconf 74' lang='lat' dir='ltr'>Matth.</span> <span class='ocrx_word' id='word_1_260' title='bbox 591 2656 643 2683; x_wconf 82' lang='lat' dir='ltr'>xv,</span> <span class='ocrx_word' id='word_1_261' title='bbox 659 2647 716 2679; x_wconf 73' lang='lat'>26.</span> <span class='ocrx_word' id='word_1_262' title='bbox 733 2645 806 2671; x_wconf 72' lang='lat'>——2</span> <span class='ocrx_word' id='word_1_263' title='bbox 828 2655 836 2673; x_wconf 80' lang='lat'>¹</span> <span class='ocrx_word' id='word_1_264' title='bbox 856 2648 930 2679; x_wconf 86' lang='lat' dir='ltr'>Cor.</span> <span class='ocrx_word' id='word_1_265' title='bbox 947 2658 987 2687; x_wconf 60' lang='grc' dir='ltr'>ιι7</span> <span class='ocrx_word' id='word_1_266' title='bbox 1008 2648 1063 2678; x_wconf 71' lang='lat'>28.</span> <span class='ocrx_word' id='word_1_267' title='bbox 1082 2665 1122 2670; x_wconf 97' lang='lat'><strong>—</strong></span> <span class='ocrx_word' id='word_1_268' title='bbox 1140 2645 1154 2668; x_wconf 77' lang='lat'><strong>3</strong></span> <span class='ocrx_word' id='word_1_269' title='bbox 1174 2652 1242 2679; x_wconf 72' lang='lat' dir='ltr'>Act.</span> <span class='ocrx_word' id='word_1_270' title='bbox 1265 2658 1333 2680; x_wconf 74' lang='lat' dir='ltr'>xxr.</span> <span class='ocrx_word' id='word_1_271' title='bbox 1358 2660 1405 2680; x_wconf 82' lang='grc' dir='ltr'>ιι,</span> 
     </span>
    </p>
   </div>
  </div>
 </body>
</html>
