1902 3268
665 286 878 317 EPISTOLA
914 287 1004 316 CIV.
1446 289 1535 335 297

164 357 281 421 apud
318 373 393 402 nos
431 371 550 415 agas,
590 370 670 416 pro
703 352 771 398 his
808 352 1093 409 hominibus,
1122 352 1167 398 in
1191 369 1383 416 quorum
1408 352 1539 399 dilec-

162 428 278 474 tione
303 426 390 489 (da
416 424 612 484 veniam)
633 441 720 469 non
741 423 878 469 solum
901 441 977 469 nos
1002 423 1183 469 minime
1209 423 1447 487 praecedis,
1469 424 1542 469 sed

160 514 240 543 nec
272 497 421 543 adhuc
453 495 665 559 sequeri53
692 506 733 540 ct
763 495 951 540 rescribe
979 495 1126 558 potius
1162 494 1271 557 quid
1298 504 1338 539 te
1368 493 1421 539 de
1455 492 1541 539 hac

160 568 229 614 via
253 577 449 623 moveat,
470 583 602 630 quam
632 576 822 610 tenemus
844 603 854 622 ,
881 575 922 610 et
954 565 998 610 in
1018 565 1120 628 quia
1140 564 1369 610 nobiscum
1395 562 1448 609 ad
1471 579 1540 609 su-

158 654 337 700 pernam
362 637 567 700 patriam,
589 652 674 698 qua
696 645 735 681 te
762 634 966 681 delectari
987 635 1192 681 novimus
1210 645 1251 679 et
1269 633 1506 694 gaudemus
1524 669 1536 689 ,

159 718 207 753 ut
224 707 432 768 gradiaris
458 707 683 752 instamus.

224 778 366 824 XVII.
402 777 527 823 Cives
549 787 689 822 autem
710 775 893 821 carnalis
915 775 1074 838 patriae
1099 786 1206 830 tute,
1230 774 1307 820 etsi
1332 790 1419 819 non
1439 790 1537 819 om-

156 865 231 894 nes
254 886 265 903 ‚
295 848 367 894 scd
402 848 611 912 quosdam
637 847 886 892 innocentes
909 846 1086 909 quidem
1120 845 1294 902 dixisti,
1318 855 1538 891 verumta-

155 935 255 964 men
278 919 397 981 quod
420 919 575 964 relecta
599 917 672 962 illa
700 917 897 980 Epistola
916 934 1009 963 mea
1033 917 1165 964 debes
1185 917 1425 973 advertere,
1447 933 1538 961 non

156 988 400 1036 defendisti.
439 989 636 1045 Quorum
661 1005 749 1033 non
782 988 938 1043 flores,
978 988 1050 1034 sed
1081 989 1226 1053 spinas
1255 1005 1332 1033 nos
1365 987 1538 1033 sensisse

154 1075 257 1105 cum
281 1058 468 1104 dicerem
486 1096 497 1112 ‚
523 1057 788 1122 respondens
813 1057 866 1103 ad
887 1057 999 1104 illud
1023 1059 1143 1122 quod
1169 1059 1420 1122 scripseras,
1448 1057 1534 1102 sso-

153 1140 315 1176 rentem
341 1140 381 1176 te
407 1146 567 1193 cupere
589 1129 779 1193 patriam
798 1129 1042 1193 relinquere
1062 1167 1072 1186 ‚
1099 1130 1240 1190 jocari
1262 1147 1330 1174 me
1351 1128 1529 1192 putasti.

155 1200 252 1246 Hoc
276 1199 440 1246 scilicet
477 1200 523 1245 in
547 1199 671 1245 malis
694 1200 827 1245 tantis
852 1199 1014 1257 libeat,
1048 1201 1107 1246 ita
1130 1211 1193 1246 est
1213 1216 1406 1264 prorsus,
1442 1200 1534 1244 Fu-

154 1281 275 1316 mant
296 1270 443 1317 adhuc
461 1270 601 1316 ruinae
624 1270 811 1316 incensae
830 1269 1062 1325 Ecclesiae‚
1095 1282 1136 1317 et
1163 1271 1209 1317 in
1228 1289 1277 1317 ea
1304 1286 1433 1317 causa
1455 1285 1533 1314 nos

98 1344 379 1401 jocamur?
406 1342 462 1386 Et
491 1357 569 1401 ego
591 1340 769 1404 quidem
791 1342 990 1404 quamvis
1022 1343 1277 1388 innocentes
1299 1341 1389 1387 illic
1422 1339 1534 1385 mihi

152 1427 242 1456 non
266 1410 561 1467 occurrerint,
587 1410 667 1456 nisi
686 1410 763 1474 qui
783 1421 857 1456 aut
880 1411 1076 1458 absentes
1093 1411 1296 1468 fuerunt,
1328 1422 1403 1458 aut
1418 1409 1534 1456 mala

152 1480 227 1527 illa
251 1480 443 1545 perpessi
466 1490 592 1537 sunt,
624 1491 700 1526 aut
720 1480 850 1526 nullis
884 1481 939 1527 ad
966 1449 1300 1545 prohibenduni
1322 1481 1492 1529 viribus
1516 1516 1528 1536 ,

151 1550 220 1596 vel
247 1551 503 1597 auctoritate
523 1517 770 1607 valuerunt,
792 1561 938 1597 tamen
959 1552 1228 1599 nocentiores
1249 1571 1272 1599 a
1293 1551 1439 1598 minus
1456 1566 1533 1595 no-

152 1621 352 1667 centibus
377 1623 423 1668 in
444 1621 723 1667 rescribendo
748 1620 953 1679 distinxi,
979 1622 1194 1686 aliamque
1211 1639 1383 1669 causam
1404 1619 1533 1684 posui

152 1707 323 1747 eorum,
350 1691 427 1755 qui
446 1692 685 1737 timuerunt
704 1691 919 1737 offendere
940 1703 1139 1755 potentes
1157 1693 1358 1739 inimicos
1378 1690 1533 1736 Eccle-

151 1761 243 1816 siae,
270 1761 399 1808 aliam
433 1778 581 1808 eorum
602 1799 613 1819 ‚
641 1763 718 1826 qui
745 1762 832 1808 hoc
861 1764 1078 1809 committi
1100 1763 1337 1812 voluerunt
1361 1780 1372 1807 ε
1402 1761 1530 1807 aliam

150 1847 299 1878 eorum
325 1832 402 1896 qui
422 1833 760 1890 commiserunt,
789 1832 917 1879 aliam
953 1851 1104 1881 eorum
1128 1835 1202 1898 qui
1227 1833 1528 1886 immiserunt3

149 1902 263 1949 nihil
287 1903 355 1965 agi
382 1903 436 1950 de
454 1903 770 1950 immissoribus
796 1904 967 1956 volens.
995 1906 1098 1970 quia
1118 1906 1206 1952 1100
1234 1906 1324 1952 sine
1343 1915 1532 1951 tormen-

153 1972 205 2019 tis
228 1974 532 2038 corporalibus
565 1992 588 2020 a
619 1975 848 2038 proposito
879 1988 1028 2022 nostro
1060 1976 1404 2023 abhorrentibus
1435 1974 1531 2020 for-

151 2053 260 2090 tasse
286 2063 373 2091 non
393 2056 536 2109 potest
558 2045 758 2092 inveniri.
787 2045 923 2092 Stoici
952 2058 1095 2094 autem
1116 2048 1181 2094 tui
1199 2064 1347 2093 omnes
1375 2062 1532 2109 aequa-

150 2113 248 2160 liter
271 2127 474 2162 nocentes
497 2132 584 2161 esse
601 2116 866 2172 concedunt,
891 2117 1055 2180 quibus
1076 2118 1222 2182 placet
1243 2117 1389 2164 omnia
1407 2115 1534 2180 paria

151 2201 238 2230 esse
258 2197 462 2248 peccata3
485 2186 562 2250 qui
576 2186 703 2232 etiam
718 2187 924 2234 duritiam
947 2206 1068 2235 suam
1084 2207 1171 2253 qua
1190 2187 1533 2235 misericordiam

150 2254 428 2319 vituperant,
462 2257 570 2303 huic
593 2258 817 2305 sententiae
851 2260 1062 2306 sociantes
1078 2297 1090 2317 ‚
1123 2260 1246 2306 nullo
1272 2259 1404 2305 modo
1424 2274 1532 2304 cen-

150 2335 244 2371 sent
266 2327 472 2373 omnibus
496 2327 658 2391 pariter
693 2327 1008 2388 ignoscendum
1032 2367 1044 2387 ‚
1078 2329 1153 2376 sed
1191 2345 1339 2375 omnes
1371 2327 1535 2392 pariter

150 2411 238 2442 esse
255 2397 518 2460 puniendos.
543 2397 738 2444 Remove
760 2415 860 2460 crgo
883 2399 980 2445 illos
995 2416 1128 2463 quam
1146 2399 1392 2460 longissime
1410 2407 1534 2462 potes

151 2482 176 2512 a
205 2468 454 2530 patrocinio
490 2484 632 2515 causae
658 2468 780 2515 istius
800 2505 811 2527 ‚
849 2480 891 2516 et
925 2480 1030 2534 opta
1054 2470 1202 2535 potius
1236 2480 1286 2516 ut
1322 2480 1533 2534 tanquam

151 2536 389 2586 Christiani
414 2556 608 2602 agamuS,
634 2550 683 2588 ut
707 2540 820 2588 sicut
844 2552 1048 2608 optamus
1070 2558 1149 2590 nos
1165 2541 1213 2590 in
1229 2540 1406 2590 Christo
1430 2556 1501 2587 eos
1516 2575 1528 2596 ‚
