1902 3268
356 299 446 344 512
786 314 819 343 5.
865 312 1104 342 :trunsum
1144 313 1346 345 ΕΡ150οΡ1

348 379 581 439 jutorium,
607 377 660 423 ad
684 377 990 440 capessendam
1012 379 1317 441 sempiternam
1337 380 1532 428 salutem.
1576 383 1732 443 Magis-

354 451 507 496 terium
525 449 700 513 quidem
718 459 766 493 ut
781 466 844 501 ea,
859 465 958 511 quae
976 449 1051 494 hic
1069 460 1168 494 ante
1186 450 1304 496 dieta
1324 463 1423 497 sunt
1439 453 1601 499 utiliter
1617 471 1731 512 vera,

351 538 439 567 non
463 521 600 566 solum
623 538 644 565 a
667 519 902 581 Prophetis
930 519 1108 575 sanctis,
1133 521 1209 582 qui
1235 522 1382 568 onmia
1396 540 1493 569 vera
1513 524 1729 581 dixerunt,

351 591 635 638 verumetiam
662 608 683 634 a
705 589 984 653 philosophis
1004 601 1130 653 atque
1158 592 1262 654 ipsis
1286 594 1449 654 poetis,
1473 605 1514 639 ct
1530 599 1732 654 cujusce-

349 662 469 708 modi
494 661 748 707 auctoribus
772 659 1034 713 litterarum,
1054 666 1187 723 (quos
1211 662 1348 707 multa
1369 680 1466 709 vera
1489 663 1607 710 falsis
1625 665 1732 711 mis-

351 733 490 779 cuisse
525 731 620 794 quis
649 731 903 793 ambigatP)
939 731 1054 776 illius
1073 732 1199 777 etiam
1231 732 1276 777 in
1305 750 1433 778 carne
1466 745 1729 796 praesentata

346 804 625 850 confirmaret
649 802 900 855 auctorita&
929 812 1111 865 propter
1130 819 1227 858 eos,
1252 804 1329 865 qui
1354 803 1428 848 illa
1448 821 1534 849 11011
1558 815 1733 867 possent

344 875 499 937 inipsa
523 873 676 918 intima
703 873 892 918 veritate
921 890 1095 918 cernere
1140 883 1268 936 atque
1302 873 1544 920 discernere
1570 892 1580 920 :
1625 892 1727 938 quae

344 945 509 989 Veritas
533 954 573 989 et
599 953 830 1005 antequam
854 944 1074 988 hominem
1089 955 1340 999 assumeret,
1358 945 1451 1007 ipsa
1473 945 1623 990 aderat
1639 963 1730 991 om-

344 1015 498 1071 nibus,
530 1014 607 1076 qui
632 1016 723 1072 ejus
749 1014 986 1076 participes
1021 1031 1108 1058 esse
1133 1025 1385 1077 potuerunt.
1418 1016 1602 1061 Maxime
1626 1033 1729 1063 vero

342 1102 431 1135 sua:
452 1084 762 1130 incarnationis
776 1084 970 1146 exemplo
988 1083 1032 1128 id
1050 1084 1284 1130 salubriter
1298 1088 1528 1148 persuasit,
1552 1097 1600 1132 ut
1614 1103 1728 1150 quo-

340 1156 455 1200 niam
501 1155 698 1200 homines
726 1155 921 1217 plerique
961 1154 1204 1199 divinitatis
1237 1155 1371 1211 avidi,
1394 1173 1472 1219 per
1498 1167 1727 1219 potestates

339 1225 531 1271 coelestes
550 1242 658 1287 quas
688 1223 790 1269 deos
819 1234 1042 1288 putarent,
1072 1225 1267 1288 ritusque
1299 1227 1439 1271 varios
1470 1226 1725 1273 illicitorum

339 1313 423 1341 non
440 1312 661 1341 sacrorum
684 1295 755 1341 sed
775 1295 1126 1354 sacrilegiorum,
1147 1296 1429 1341 ambiendum
1442 1297 1525 1342 sibi
1541 1297 1722 1343 arbitra-

336 1376 485 1411 rentur
510 1365 561 1411 ad
586 1368 741 1418 Deum,
767 1365 899 1424 magis
923 1366 1111 1428 superbe
1134 1383 1264 1429 quam
1287 1366 1379 1429 pie3
1404 1383 1490 1430 qua
1516 1367 1560 1412 in
1579 1385 1623 1413 re
1641 1385 1723 1430 pro

336 1436 509 1496 Angelis
532 1436 688 1481 sanctis
707 1436 764 1481 eis
790 1453 831 1481 se
851 1436 1070 1481 daemones
1092 1436 1313 1499 superbiae
1331 1437 1588 1497 cognatione
1613 1454 1723 1501 sup-

334 1518 505 1570 ponunt
529 1525 540 1562 3
575 1507 734 1551 scirent
775 1506 973 1551 homines
1020 1517 1107 1551 tam
1153 1508 1402 1569 proximum
1446 1524 1532 1552 esse
1578 1509 1720 1554 Deum

330 1578 481 1642 pietati
506 1578 755 1634 hominum,
783 1577 837 1623 ad
868 1594 998 1640 quem
1021 1577 1136 1623 velut
1162 1577 1288 1637 longe
1318 1578 1510 1640 positum
1537 1595 1615 1641 per
1645 1579 1720 1624 in-

335 1648 557 1712 terpositas
596 1659 830 1711 potestates
869 1648 1141 1703 ambiebant,
1172 1658 1220 1692 ut
1253 1648 1475 1693 hominem
1501 1649 1719 1712 suscipere

330 1719 599 1780 dignaretur,
622 1730 662 1764 et
687 1735 788 1765 cum
808 1718 883 1764 illo
922 1719 1037 1764 uniri
1074 1718 1266 1782 quodam
1314 1718 1463 1774 modo,
1508 1729 1557 1764 ut
1593 1720 1631 1765 ei
1657 1719 1718 1765 sic

328 1801 605 1854 coaptaretur
630 1790 764 1835 homo
782 1800 913 1844 totus,
945 1788 1320 1853 quemadmodum
1345 1789 1501 1834 animae
1527 1806 1711 1852 corpus:

324 1872 503 1924 excepta
528 1860 803 1906 concretione
838 1859 1059 1914 mutabili,
1091 1859 1136 1904 in
1157 1875 1290 1921 quam
1325 1876 1412 1904 non
1443 1859 1715 1906 convertitur

327 1932 459 1987 Deus,
479 1942 520 1977 et
534 1948 667 1994 quam
689 1930 885 1976 videmus
905 1929 1025 1992 quod
1040 1930 1205 1974 habeat
1224 1940 1265 1975 et
1288 1946 1451 1992 corpus
1466 1939 1506 1974 et
1522 1929 1706 1978 animus,

326 2002 605 2062 Adjutoriurn
625 2011 784 2057 autem,
807 2000 927 2063 quod
949 2001 1037 2045 siue
1062 2000 1201 2060 gratia
1223 1999 1330 2045 fidei
1351 2016 1452 2062 quae
1466 2000 1521 2045 ab
1542 2000 1617 2045 illo
1635 2012 1710 2058 est,

324 2089 451 2118 nemo
488 2083 631 2136 potest
656 2072 826 2117 vincere
863 2070 1239 2134 concupiscentias
1270 2070 1467 2124 vitiosas;
1492 2082 1534 2116 et
1559 2072 1592 2117 si
1622 2088 1711 2135 qua

322 2161 470 2190 earum
496 2143 663 2189 residua
693 2160 779 2188 non
814 2143 992 2197 vicerit,
1037 2141 1195 2187 veniali
1231 2142 1480 2187 remissione
1507 2143 1701 2204 purgari.

324 2215 457 2272 Quod
476 2231 576 2274 ergo
606 2214 659 2260 ad
682 2214 977 2273 magisterium
1001 2216 1091 2272 ejus
1106 2213 1276 2260 attinet.
1302 2213 1400 2275 quis
1426 2229 1545 2258 nunc
1569 2224 1708 2259 extre-

321 2303 416 2331 mus
431 2285 584 2341 idiota,
601 2284 665 2332 ve]
690 2301 789 2347 quaev
809 2286 978 2343 abjecta
997 2283 1252 2329 muliercula
1281 2300 1367 2328 11011
1389 2282 1528 2328 credit
1549 2283 1705 2330 animae

319 2356 689 2401 immortalitatem
725 2355 947 2417 vitamque
979 2364 1078 2416 post
1107 2364 1290 2398 mortem
1322 2352 1546 2399 futuram?
1569 2353 1703 2411 Quod

321 2427 437 2490 apud
462 2428 640 2472 Graecos
654 2425 756 2471 olim
782 2425 950 2489 primus
969 2424 1243 2487 Pherecydes
1266 2424 1464 2487 Assyrius
1485 2441 1585 2470 cum
1609 2424 1703 2471 dis-

317 2508 526 2562 putasset,
554 2498 852 2560 Pythagoram
877 2496 1070 2541 Samium
1090 2495 1206 2541 illius
1231 2495 1541 2558 disputationis
1569 2496 1698 2543 novi-

318 2579 402 2614 tate
436 2579 682 2632 permotum
724 2586 769 2613 ex
799 2566 961 2613 athleta
984 2567 1028 2612 111
1051 2565 1373 2630 philosophum
1393 2566 1535 2612 vertit.
1569 2568 1698 2613 Nunc

315 2655 416 2700 ergo
437 2638 557 2702 quod
586 2639 705 2684 Maro
732 2638 816 2693 ait,
844 2647 885 2683 et
904 2655 1049 2684 omnes
1071 2636 1267 2685 videmus
1283 2673 1294 2694 ,
1319 2637 1551 2683 Amomum
1572 2640 1696 2701 Assy-
