<?xml version="1.0" encoding="UTF-8"?>
<!DOCTYPE html PUBLIC "-//W3C//DTD XHTML 1.0 Transitional//EN"
    "http://www.w3.org/TR/xhtml1/DTD/xhtml1-transitional.dtd">
<html xmlns="http://www.w3.org/1999/xhtml" xml:lang="en" lang="en">
 <head>
  <title>
</title>
<meta http-equiv="Content-Type" content="text/html;charset=utf-8" />
  <meta name='ocr-system' content='tesseract 3.04.00' />
  <meta name='ocr-capabilities' content='ocr_page ocr_carea ocr_par ocr_line ocrx_word'/>
</head>
<body>
  <div class='ocr_page' id='page_1' title='image "./operaomniaaccura39auguuoft/operaomniaaccura39auguuoft_0382.png"; bbox 0 0 1902 3268; ppageno 0'>
   <div class='ocr_carea' id='block_1_1' title="bbox 332 305 1324 369">
    <p class='ocr_par' dir='ltr' id='par_1_1' title="bbox 332 305 1324 369">
     <span class='ocr_line' id='line_1_1' title="bbox 332 305 1324 369; baseline -0.004 -18"><span class='ocrx_word' id='word_1_1' title='bbox 332 305 424 369; x_wconf 66' lang='grc'>379</span> <span class='ocrx_word' id='word_1_2' title='bbox 757 317 791 346; x_wconf 84' lang='lat' dir='ltr'>S.</span> <span class='ocrx_word' id='word_1_3' title='bbox 836 315 1081 347; x_wconf 68' lang='lat' dir='ltr'>ArcusTlNl</span> <span class='ocrx_word' id='word_1_4' title='bbox 1121 315 1324 347; x_wconf 68' lang='lat' dir='ltr'>Episcopi</span> 
     </span>
    </p>
   </div>
   <div class='ocr_carea' id='block_1_2' title="bbox 308 381 1716 2716">
    <p class='ocr_par' dir='ltr' id='par_1_2' title="bbox 308 381 1716 2716">
     <span class='ocr_line' id='line_1_2' title="bbox 334 381 1713 449; baseline 0.002 -20"><span class='ocrx_word' id='word_1_5' title='bbox 334 383 458 449; x_wconf 85' lang='lat' dir='ltr'>quasi</span> <span class='ocrx_word' id='word_1_6' title='bbox 486 398 562 429; x_wconf 86' lang='lat' dir='ltr'>suo</span> <span class='ocrx_word' id='word_1_7' title='bbox 597 382 714 428; x_wconf 89' lang='lat' dir='ltr'>bono</span> <span class='ocrx_word' id='word_1_8' title='bbox 739 382 906 426; x_wconf 84' lang='lat' dir='ltr'>animus</span> <span class='ocrx_word' id='word_1_9' title='bbox 931 381 1106 441; x_wconf 83' lang='lat' dir='ltr'>gaudet,</span> <span class='ocrx_word' id='word_1_10' title='bbox 1135 383 1350 446; x_wconf 83' lang='lat' dir='ltr'>superbus</span> <span class='ocrx_word' id='word_1_11' title='bbox 1374 394 1451 431; x_wconf 88' lang='lat' dir='ltr'>est.</span> <span class='ocrx_word' id='word_1_12' title='bbox 1480 384 1593 431; x_wconf 89' lang='lat' dir='ltr'>Cum</span> <span class='ocrx_word' id='word_1_13' title='bbox 1613 401 1713 432; x_wconf 90' lang='lat' dir='ltr'>vero</span> 
     </span>
     <span class='ocr_line' id='line_1_3' title="bbox 338 451 1716 520; baseline 0.001 -20"><span class='ocrx_word' id='word_1_14' title='bbox 338 454 549 520; x_wconf 82' lang='lat' dir='ltr'>perspicit</span> <span class='ocrx_word' id='word_1_15' title='bbox 573 471 615 499; x_wconf 80' lang='lat' dir='ltr'>se</span> <span class='ocrx_word' id='word_1_16' title='bbox 633 469 718 497; x_wconf 82' lang='lat' dir='ltr'>esse</span> <span class='ocrx_word' id='word_1_17' title='bbox 739 451 1014 505; x_wconf 75' lang='lat' dir='ltr'>mutabilem,</span> <span class='ocrx_word' id='word_1_18' title='bbox 1048 452 1214 499; x_wconf 62' lang='lat' dir='ltr'>x‘cllioc</span> <span class='ocrx_word' id='word_1_19' title='bbox 1232 470 1318 500; x_wconf 90' lang='lat' dir='ltr'>uno</span> <span class='ocrx_word' id='word_1_20' title='bbox 1343 455 1491 501; x_wconf 84' lang='lat' dir='ltr'>saltem</span> <span class='ocrx_word' id='word_1_21' title='bbox 1523 455 1640 520; x_wconf 86' lang='lat' dir='ltr'>quod</span> <span class='ocrx_word' id='word_1_22' title='bbox 1663 455 1716 502; x_wconf 91' lang='lat' dir='ltr'>de</span> 
     </span>
     <span class='ocr_line' id='line_1_4' title="bbox 331 521 1713 587; baseline 0.001 -16"><span class='ocrx_word' id='word_1_23' title='bbox 331 525 466 575; x_wconf 76' lang='lat' dir='ltr'>stulto</span> <span class='ocrx_word' id='word_1_24' title='bbox 483 524 655 587; x_wconf 86' lang='lat' dir='ltr'>sapiens</span> <span class='ocrx_word' id='word_1_25' title='bbox 677 522 875 578; x_wconf 81' lang='lat' dir='ltr'>eflicitur,</span> <span class='ocrx_word' id='word_1_26' title='bbox 905 521 1246 585; x_wconf 71' lang='lat' dir='ltr'>sapientiamque</span> <span class='ocrx_word' id='word_1_27' title='bbox 1267 541 1355 571; x_wconf 86' lang='lat' dir='ltr'>csse</span> <span class='ocrx_word' id='word_1_28' title='bbox 1374 525 1713 573; x_wconf 84' lang='lat' dir='ltr'>incommutabi-</span> 
     </span>
     <span class='ocr_line' id='line_1_5' title="bbox 329 593 1710 660; baseline 0.001 -19"><span class='ocrx_word' id='word_1_29' title='bbox 329 596 413 641; x_wconf 89' lang='lat' dir='ltr'>lem</span> <span class='ocrx_word' id='word_1_30' title='bbox 440 594 594 648; x_wconf 82' lang='lat' dir='ltr'>cernit,</span> <span class='ocrx_word' id='word_1_31' title='bbox 618 593 747 638; x_wconf 89' lang='lat' dir='ltr'>simul</span> <span class='ocrx_word' id='word_1_32' title='bbox 780 602 950 656; x_wconf 82' lang='lat' dir='ltr'>oportet</span> <span class='ocrx_word' id='word_1_33' title='bbox 986 603 1133 638; x_wconf 82' lang='lat' dir='ltr'>cernat</span> <span class='ocrx_word' id='word_1_34' title='bbox 1169 610 1254 639; x_wconf 86' lang='lat' dir='ltr'>esse</span> <span class='ocrx_word' id='word_1_35' title='bbox 1277 594 1396 640; x_wconf 90' lang='lat' dir='ltr'>illam</span> <span class='ocrx_word' id='word_1_36' title='bbox 1431 613 1562 660; x_wconf 88' lang='lat' dir='ltr'>supra</span> <span class='ocrx_word' id='word_1_37' title='bbox 1587 613 1710 643; x_wconf 84' lang='lat' dir='ltr'>suam</span> 
     </span>
     <span class='ocr_line' id='line_1_6' title="bbox 326 662 1710 726; baseline 0.002 -16"><span class='ocrx_word' id='word_1_38' title='bbox 326 675 545 720; x_wconf 85' lang='lat' dir='ltr'>naturam,</span> <span class='ocrx_word' id='word_1_39' title='bbox 578 667 755 726; x_wconf 86' lang='lat' dir='ltr'>ejusque</span> <span class='ocrx_word' id='word_1_40' title='bbox 789 662 1126 726; x_wconf 72' lang='lat' dir='ltr'>participatione</span> <span class='ocrx_word' id='word_1_41' title='bbox 1165 673 1294 726; x_wconf 82' lang='lat' dir='ltr'>atque</span> <span class='ocrx_word' id='word_1_42' title='bbox 1334 664 1619 712; x_wconf 80' lang='lat' dir='ltr'>illustratione</span> <span class='ocrx_word' id='word_1_43' title='bbox 1667 683 1710 712; x_wconf 91' lang='lat' dir='ltr'>se</span> 
     </span>
     <span class='ocr_line' id='line_1_7' title="bbox 331 734 1712 801; baseline -0.001 -19"><span class='ocrx_word' id='word_1_44' title='bbox 331 735 510 782; x_wconf 86' lang='lat' dir='ltr'>uberius</span> <span class='ocrx_word' id='word_1_45' title='bbox 528 745 570 780; x_wconf 92' lang='lat' dir='ltr'>et</span> <span class='ocrx_word' id='word_1_46' title='bbox 594 736 753 780; x_wconf 86' lang='lat' dir='ltr'>certius</span> <span class='ocrx_word' id='word_1_47' title='bbox 767 734 970 793; x_wconf 75' lang='lat' dir='ltr'>gaudere,</span> <span class='ocrx_word' id='word_1_48' title='bbox 987 751 1116 797; x_wconf 87' lang='lat' dir='ltr'>quam</span> <span class='ocrx_word' id='word_1_49' title='bbox 1137 752 1178 779; x_wconf 88' lang='lat' dir='ltr'>se</span> <span class='ocrx_word' id='word_1_50' title='bbox 1192 734 1301 797; x_wconf 82' lang='lat' dir='ltr'>ipso.</span> <span class='ocrx_word' id='word_1_51' title='bbox 1324 735 1388 781; x_wconf 82' lang='lat' dir='ltr'>lta</span> <span class='ocrx_word' id='word_1_52' title='bbox 1402 753 1568 783; x_wconf 77' lang='lat' dir='ltr'>cessans</span> <span class='ocrx_word' id='word_1_53' title='bbox 1582 747 1712 801; x_wconf 88' lang='lat' dir='ltr'>atque</span> 
     </span>
     <span class='ocr_line' id='line_1_8' title="bbox 331 805 1709 870; baseline 0.001 -17"><span class='ocrx_word' id='word_1_54' title='bbox 331 807 631 853; x_wconf 81' lang='lat' dir='ltr'>detumescens</span> <span class='ocrx_word' id='word_1_55' title='bbox 659 823 681 850; x_wconf 89' lang='lat' dir='ltr'>a</span> <span class='ocrx_word' id='word_1_56' title='bbox 699 805 936 865; x_wconf 84' lang='lat' dir='ltr'>jactatione</span> <span class='ocrx_word' id='word_1_57' title='bbox 962 816 1092 869; x_wconf 81' lang='lat' dir='ltr'>atque</span> <span class='ocrx_word' id='word_1_58' title='bbox 1120 805 1345 852; x_wconf 85' lang='lat' dir='ltr'>inflatione</span> <span class='ocrx_word' id='word_1_59' title='bbox 1365 808 1544 870; x_wconf 85' lang='lat' dir='ltr'>propria</span> <span class='ocrx_word' id='word_1_60' title='bbox 1563 808 1709 854; x_wconf 81' lang='lat' dir='ltr'>inhae-</span> 
     </span>
     <span class='ocr_line' id='line_1_9' title="bbox 330 876 1711 940; baseline 0 -17"><span class='ocrx_word' id='word_1_61' title='bbox 330 895 421 924; x_wconf 83' lang='lat' dir='ltr'>rere</span> <span class='ocrx_word' id='word_1_62' title='bbox 439 878 546 933; x_wconf 88' lang='lat' dir='ltr'>Deo,</span> <span class='ocrx_word' id='word_1_63' title='bbox 572 887 701 940; x_wconf 85' lang='lat' dir='ltr'>atque</span> <span class='ocrx_word' id='word_1_64' title='bbox 726 876 871 922; x_wconf 82' lang='lat' dir='ltr'>abillo</span> <span class='ocrx_word' id='word_1_65' title='bbox 898 877 1253 922; x_wconf 74' lang='lat' dir='ltr'>incommutabili</span> <span class='ocrx_word' id='word_1_66' title='bbox 1272 877 1408 935; x_wconf 84' lang='lat' dir='ltr'>refici,</span> <span class='ocrx_word' id='word_1_67' title='bbox 1430 888 1471 923; x_wconf 89' lang='lat' dir='ltr'>et</span> <span class='ocrx_word' id='word_1_68' title='bbox 1486 878 1711 924; x_wconf 86' lang='lat' dir='ltr'>reformari</span> 
     </span>
     <span class='ocr_line' id='line_1_10' title="bbox 328 948 1710 1013; baseline 0 -20"><span class='ocrx_word' id='word_1_69' title='bbox 328 948 499 1001; x_wconf 79' lang='lat' dir='ltr'>nititur,</span> <span class='ocrx_word' id='word_1_70' title='bbox 529 965 551 993; x_wconf 85' lang='lat' dir='ltr'>a</span> <span class='ocrx_word' id='word_1_71' title='bbox 581 964 670 1011; x_wconf 87' lang='lat' dir='ltr'>quo</span> <span class='ocrx_word' id='word_1_72' title='bbox 694 964 779 993; x_wconf 84' lang='lat' dir='ltr'>esse</span> <span class='ocrx_word' id='word_1_73' title='bbox 799 951 888 1007; x_wconf 83' lang='lat' dir='ltr'>jam</span> <span class='ocrx_word' id='word_1_74' title='bbox 914 948 1032 1011; x_wconf 81' lang='lat' dir='ltr'>capit</span> <span class='ocrx_word' id='word_1_75' title='bbox 1056 965 1143 993; x_wconf 85' lang='lat' dir='ltr'>non</span> <span class='ocrx_word' id='word_1_76' title='bbox 1170 948 1308 993; x_wconf 87' lang='lat' dir='ltr'>solum</span> <span class='ocrx_word' id='word_1_77' title='bbox 1334 966 1504 994; x_wconf 87' lang='lat' dir='ltr'>omnem</span> <span class='ocrx_word' id='word_1_78' title='bbox 1523 949 1710 1013; x_wconf 83' lang='lat' dir='ltr'>speciem</span> 
     </span>
     <span class='ocr_line' id='line_1_11' title="bbox 328 1019 1706 1082; baseline 0 -16"><span class='ocrx_word' id='word_1_79' title='bbox 328 1037 472 1066; x_wconf 84' lang='lat' dir='ltr'>rerum</span> <span class='ocrx_word' id='word_1_80' title='bbox 492 1020 704 1075; x_wconf 83' lang='lat' dir='ltr'>omnium,</span> <span class='ocrx_word' id='word_1_81' title='bbox 728 1019 814 1065; x_wconf 85' lang='lat' dir='ltr'>sive</span> <span class='ocrx_word' id='word_1_82' title='bbox 831 1020 1221 1082; x_wconf 82' lang='lat' dir='ltr'>quaeintelligentia</span> <span class='ocrx_word' id='word_1_83' title='bbox 1241 1022 1395 1066; x_wconf 88' lang='lat' dir='ltr'>mentis</span> <span class='ocrx_word' id='word_1_84' title='bbox 1409 1021 1706 1081; x_wconf 83' lang='lat' dir='ltr'>attinguntur;</span> 
     </span>
     <span class='ocr_line' id='line_1_12' title="bbox 323 1092 1709 1155; baseline 0 -17"><span class='ocrx_word' id='word_1_85' title='bbox 323 1092 540 1139; x_wconf 83' lang='lat' dir='ltr'>sedetiam</span> <span class='ocrx_word' id='word_1_86' title='bbox 568 1092 707 1155; x_wconf 80' lang='lat' dir='ltr'>ipsam</span> <span class='ocrx_word' id='word_1_87' title='bbox 734 1093 1021 1154; x_wconf 77' lang='lat' dir='ltr'>capacitatem</span> <span class='ocrx_word' id='word_1_88' title='bbox 1050 1092 1321 1138; x_wconf 75' lang='lat' dir='ltr'>formationis</span> <span class='ocrx_word' id='word_1_89' title='bbox 1347 1103 1444 1138; x_wconf 87' lang='lat' dir='ltr'>ante</span> <span class='ocrx_word' id='word_1_90' title='bbox 1478 1092 1709 1138; x_wconf 86' lang='lat' dir='ltr'>formatio-</span> 
     </span>
     <span class='ocr_line' id='line_1_13' title="bbox 322 1161 1708 1227; baseline -0.001 -18"><span class='ocrx_word' id='word_1_91' title='bbox 322 1181 441 1219; x_wconf 87' lang='lat' dir='ltr'>nem,</span> <span class='ocrx_word' id='word_1_92' title='bbox 472 1180 574 1210; x_wconf 89' lang='lat' dir='ltr'>cum</span> <span class='ocrx_word' id='word_1_93' title='bbox 591 1163 659 1208; x_wconf 72' lang='lat' dir='ltr'>vel</span> <span class='ocrx_word' id='word_1_94' title='bbox 676 1161 862 1208; x_wconf 86' lang='lat' dir='ltr'>informe</span> <span class='ocrx_word' id='word_1_95' title='bbox 883 1162 1051 1225; x_wconf 87' lang='lat' dir='ltr'>aliquid</span> <span class='ocrx_word' id='word_1_96' title='bbox 1076 1162 1255 1217; x_wconf 86' lang='lat' dir='ltr'>dicitur,</span> <span class='ocrx_word' id='word_1_97' title='bbox 1280 1163 1401 1227; x_wconf 82' lang='lat' dir='ltr'>quod</span> <span class='ocrx_word' id='word_1_98' title='bbox 1422 1163 1601 1209; x_wconf 88' lang='lat' dir='ltr'>formari</span> <span class='ocrx_word' id='word_1_99' title='bbox 1622 1181 1708 1226; x_wconf 80' lang='lat' dir='ltr'>po-</span> 
     </span>
     <span class='ocr_line' id='line_1_14' title="bbox 323 1233 1708 1299; baseline 0 -20"><span class='ocrx_word' id='word_1_100' title='bbox 323 1244 417 1280; x_wconf 89' lang='lat' dir='ltr'>test.</span> <span class='ocrx_word' id='word_1_101' title='bbox 463 1235 615 1297; x_wconf 84' lang='lat' dir='ltr'>Itaque</span> <span class='ocrx_word' id='word_1_102' title='bbox 649 1243 768 1278; x_wconf 87' lang='lat' dir='ltr'>tauto</span> <span class='ocrx_word' id='word_1_103' title='bbox 799 1233 942 1279; x_wconf 87' lang='lat' dir='ltr'>minus</span> <span class='ocrx_word' id='word_1_104' title='bbox 967 1250 1008 1278; x_wconf 88' lang='lat' dir='ltr'>se</span> <span class='ocrx_word' id='word_1_105' title='bbox 1042 1250 1127 1279; x_wconf 83' lang='lat' dir='ltr'>esse</span> <span class='ocrx_word' id='word_1_106' title='bbox 1154 1233 1350 1279; x_wconf 83' lang='lat' dir='ltr'>stabilem</span> <span class='ocrx_word' id='word_1_107' title='bbox 1374 1235 1519 1291; x_wconf 86' lang='lat' dir='ltr'>sentit,</span> <span class='ocrx_word' id='word_1_108' title='bbox 1543 1245 1708 1299; x_wconf 80' lang='lat' dir='ltr'>quanto</span> 
     </span>
     <span class='ocr_line' id='line_1_15' title="bbox 322 1305 1708 1368; baseline 0.001 -18"><span class='ocrx_word' id='word_1_109' title='bbox 322 1305 467 1351; x_wconf 87' lang='lat' dir='ltr'>minus</span> <span class='ocrx_word' id='word_1_110' title='bbox 499 1305 637 1350; x_wconf 81' lang='lat' dir='ltr'>haeret</span> <span class='ocrx_word' id='word_1_111' title='bbox 664 1305 775 1361; x_wconf 89' lang='lat' dir='ltr'>Deo,</span> <span class='ocrx_word' id='word_1_112' title='bbox 799 1305 875 1368; x_wconf 86' lang='lat' dir='ltr'>qui</span> <span class='ocrx_word' id='word_1_113' title='bbox 896 1321 1062 1350; x_wconf 89' lang='lat' dir='ltr'>summe</span> <span class='ocrx_word' id='word_1_114' title='bbox 1081 1316 1143 1350; x_wconf 84' lang='lat' dir='ltr'>est</span> <span class='ocrx_word' id='word_1_115' title='bbox 1171 1323 1181 1350; x_wconf 93' lang='lat'>:</span> <span class='ocrx_word' id='word_1_116' title='bbox 1209 1316 1250 1350; x_wconf 88' lang='lat' dir='ltr'>et</span> <span class='ocrx_word' id='word_1_117' title='bbox 1272 1305 1370 1351; x_wconf 86' lang='lat' dir='ltr'>ideo</span> <span class='ocrx_word' id='word_1_118' title='bbox 1394 1306 1517 1351; x_wconf 89' lang='lat' dir='ltr'>illum</span> <span class='ocrx_word' id='word_1_119' title='bbox 1542 1322 1708 1351; x_wconf 87' lang='lat' dir='ltr'>summe</span> 
     </span>
     <span class='ocr_line' id='line_1_16' title="bbox 321 1375 1708 1439; baseline 0.001 -18"><span class='ocrx_word' id='word_1_120' title='bbox 321 1391 426 1431; x_wconf 89' lang='lat' dir='ltr'>esse,</span> <span class='ocrx_word' id='word_1_121' title='bbox 451 1375 554 1439; x_wconf 90' lang='lat' dir='ltr'>quia</span> <span class='ocrx_word' id='word_1_122' title='bbox 578 1375 700 1421; x_wconf 87' lang='lat' dir='ltr'>nulla</span> <span class='ocrx_word' id='word_1_123' title='bbox 724 1375 1016 1421; x_wconf 81' lang='lat' dir='ltr'>mutabilitate</span> <span class='ocrx_word' id='word_1_124' title='bbox 1036 1376 1302 1439; x_wconf 85' lang='lat' dir='ltr'>proficitseu</span> <span class='ocrx_word' id='word_1_125' title='bbox 1323 1375 1472 1423; x_wconf 87' lang='lat' dir='ltr'>deficit</span> <span class='ocrx_word' id='word_1_126' title='bbox 1493 1395 1503 1423; x_wconf 72' lang='grc' dir='ltr'><strong><em>ε</em></strong></span> <span class='ocrx_word' id='word_1_127' title='bbox 1526 1377 1610 1423; x_wconf 82' lang='lat' dir='ltr'>sibi</span> <span class='ocrx_word' id='word_1_128' title='bbox 1634 1393 1708 1423; x_wconf 85' lang='lat' dir='ltr'>au-</span> 
     </span>
     <span class='ocr_line' id='line_1_17' title="bbox 322 1445 1707 1512; baseline 0.002 -21"><span class='ocrx_word' id='word_1_129' title='bbox 322 1456 406 1493; x_wconf 87' lang='lat' dir='ltr'>tem</span> <span class='ocrx_word' id='word_1_130' title='bbox 432 1445 553 1491; x_wconf 82' lang='lat' dir='ltr'>illam</span> <span class='ocrx_word' id='word_1_131' title='bbox 575 1446 961 1492; x_wconf 86' lang='lat' dir='ltr'>commutationem</span> <span class='ocrx_word' id='word_1_132' title='bbox 978 1446 1197 1509; x_wconf 82' lang='lat' dir='ltr'>expedire,</span> <span class='ocrx_word' id='word_1_133' title='bbox 1220 1464 1305 1510; x_wconf 79' lang='lat' dir='ltr'>qua</span> <span class='ocrx_word' id='word_1_134' title='bbox 1324 1448 1519 1511; x_wconf 84' lang='lat' dir='ltr'>proficit,</span> <span class='ocrx_word' id='word_1_135' title='bbox 1542 1458 1591 1494; x_wconf 88' lang='lat' dir='ltr'>ut</span> <span class='ocrx_word' id='word_1_136' title='bbox 1609 1465 1707 1512; x_wconf 87' lang='lat' dir='ltr'>per-</span> 
     </span>
     <span class='ocr_line' id='line_1_18' title="bbox 317 1515 1707 1582; baseline 0 -19"><span class='ocrx_word' id='word_1_137' title='bbox 317 1515 430 1563; x_wconf 85' lang='lat' dir='ltr'>fecte</span> <span class='ocrx_word' id='word_1_138' title='bbox 448 1515 513 1562; x_wconf 91' lang='lat' dir='ltr'>illi</span> <span class='ocrx_word' id='word_1_139' title='bbox 533 1517 779 1572; x_wconf 53' lang='lat' dir='ltr'>cohaeream</span> <span class='ocrx_word' id='word_1_140' title='bbox 807 1535 900 1563; x_wconf 88' lang='lat' dir='ltr'>eam</span> <span class='ocrx_word' id='word_1_141' title='bbox 938 1535 1040 1563; x_wconf 78' lang='lat' dir='ltr'>vero</span> <span class='ocrx_word' id='word_1_142' title='bbox 1089 1519 1495 1575; x_wconf 85' lang='lat' dir='ltr'>commutationem,</span> <span class='ocrx_word' id='word_1_143' title='bbox 1524 1536 1622 1582; x_wconf 86' lang='lat' dir='ltr'>quae</span> <span class='ocrx_word' id='word_1_144' title='bbox 1660 1519 1707 1564; x_wconf 80' lang='lat' dir='ltr'>in</span> 
     </span>
     <span class='ocr_line' id='line_1_19' title="bbox 319 1585 1704 1643; baseline 0.001 -11"><span class='ocrx_word' id='word_1_145' title='bbox 319 1585 494 1633; x_wconf 88' lang='lat' dir='ltr'>defectu</span> <span class='ocrx_word' id='word_1_146' title='bbox 508 1598 585 1643; x_wconf 82' lang='lat' dir='ltr'>est,</span> <span class='ocrx_word' id='word_1_147' title='bbox 603 1605 687 1633; x_wconf 86' lang='lat' dir='ltr'>esse</span> <span class='ocrx_word' id='word_1_148' title='bbox 705 1587 904 1633; x_wconf 66' lang='lat' dir='ltr'>vitiosam</span> <span class='ocrx_word' id='word_1_149' title='bbox 930 1606 939 1632; x_wconf 76' lang='grc' dir='ltr'>ε</span> <span class='ocrx_word' id='word_1_150' title='bbox 966 1605 1138 1633; x_wconf 84' lang='lat' dir='ltr'>omnem</span> <span class='ocrx_word' id='word_1_151' title='bbox 1168 1599 1310 1634; x_wconf 89' lang='lat' dir='ltr'>autem</span> <span class='ocrx_word' id='word_1_152' title='bbox 1329 1589 1545 1635; x_wconf 88' lang='lat' dir='ltr'>defectum</span> <span class='ocrx_word' id='word_1_153' title='bbox 1569 1589 1623 1635; x_wconf 86' lang='lat' dir='ltr'>ad</span> <span class='ocrx_word' id='word_1_154' title='bbox 1643 1590 1704 1635; x_wconf 90' lang='lat' dir='ltr'>in-</span> 
     </span>
     <span class='ocr_line' id='line_1_20' title="bbox 317 1658 1705 1723; baseline 0.002 -20"><span class='ocrx_word' id='word_1_155' title='bbox 317 1658 493 1704; x_wconf 88' lang='lat' dir='ltr'>teritum</span> <span class='ocrx_word' id='word_1_156' title='bbox 515 1675 708 1718; x_wconf 75' lang='lat' dir='ltr'>vergere3</span> <span class='ocrx_word' id='word_1_157' title='bbox 735 1675 822 1721; x_wconf 86' lang='lat' dir='ltr'>quo</span> <span class='ocrx_word' id='word_1_158' title='bbox 853 1670 999 1704; x_wconf 88' lang='lat' dir='ltr'>utrum</span> <span class='ocrx_word' id='word_1_159' title='bbox 1028 1658 1175 1722; x_wconf 82' lang='lat' dir='ltr'>aliqua</span> <span class='ocrx_word' id='word_1_160' title='bbox 1194 1677 1257 1705; x_wconf 85' lang='lat' dir='ltr'>res</span> <span class='ocrx_word' id='word_1_161' title='bbox 1270 1660 1511 1723; x_wconf 84' lang='lat' dir='ltr'>perveniat,</span> <span class='ocrx_word' id='word_1_162' title='bbox 1536 1661 1705 1706; x_wconf 87' lang='lat' dir='ltr'>tametsi</span> 
     </span>
     <span class='ocr_line' id='line_1_21' title="bbox 316 1731 1706 1793; baseline 0.001 -17"><span class='ocrx_word' id='word_1_163' title='bbox 316 1746 408 1776; x_wconf 86' lang='lat' dir='ltr'>non</span> <span class='ocrx_word' id='word_1_164' title='bbox 433 1740 657 1792; x_wconf 72' lang='lat' dir='ltr'>appareat,</span> <span class='ocrx_word' id='word_1_165' title='bbox 693 1740 833 1775; x_wconf 88' lang='lat' dir='ltr'>tamen</span> <span class='ocrx_word' id='word_1_166' title='bbox 857 1747 1068 1793; x_wconf 76' lang='lat' dir='ltr'>apparere</span> <span class='ocrx_word' id='word_1_167' title='bbox 1094 1731 1298 1776; x_wconf 85' lang='lat' dir='ltr'>omnibus</span> <span class='ocrx_word' id='word_1_168' title='bbox 1318 1748 1367 1776; x_wconf 90' lang='lat' dir='ltr'>eo</span> <span class='ocrx_word' id='word_1_169' title='bbox 1383 1731 1542 1777; x_wconf 87' lang='lat' dir='ltr'>ducere</span> <span class='ocrx_word' id='word_1_170' title='bbox 1559 1731 1706 1778; x_wconf 86' lang='lat' dir='ltr'>interi-</span> 
     </span>
     <span class='ocr_line' id='line_1_22' title="bbox 318 1801 1705 1864; baseline 0.002 -18"><span class='ocrx_word' id='word_1_171' title='bbox 318 1812 430 1857; x_wconf 88' lang='lat' dir='ltr'>tum,</span> <span class='ocrx_word' id='word_1_172' title='bbox 460 1812 508 1846; x_wconf 85' lang='lat' dir='ltr'>ut</span> <span class='ocrx_word' id='word_1_173' title='bbox 537 1819 625 1846; x_wconf 84' lang='lat' dir='ltr'>non</span> <span class='ocrx_word' id='word_1_174' title='bbox 659 1801 714 1846; x_wconf 87' lang='lat' dir='ltr'>sit</span> <span class='ocrx_word' id='word_1_175' title='bbox 746 1801 864 1864; x_wconf 85' lang='lat' dir='ltr'>quod</span> <span class='ocrx_word' id='word_1_176' title='bbox 891 1812 993 1848; x_wconf 78' lang='lat' dir='ltr'>erat.</span> <span class='ocrx_word' id='word_1_177' title='bbox 1031 1801 1157 1847; x_wconf 73' lang='lat' dir='ltr'>Unde</span> <span class='ocrx_word' id='word_1_178' title='bbox 1180 1801 1345 1861; x_wconf 82' lang='lat' dir='ltr'>colligit</span> <span class='ocrx_word' id='word_1_179' title='bbox 1368 1820 1454 1848; x_wconf 90' lang='lat' dir='ltr'>non</span> <span class='ocrx_word' id='word_1_180' title='bbox 1491 1803 1549 1849; x_wconf 91' lang='lat' dir='ltr'>ob</span> <span class='ocrx_word' id='word_1_181' title='bbox 1587 1803 1705 1849; x_wconf 82' lang='lat' dir='ltr'>aliud</span> 
     </span>
     <span class='ocr_line' id='line_1_23' title="bbox 318 1871 1705 1936; baseline 0.002 -19"><span class='ocrx_word' id='word_1_182' title='bbox 318 1889 383 1918; x_wconf 85' lang='lat' dir='ltr'>res</span> <span class='ocrx_word' id='word_1_183' title='bbox 407 1871 609 1918; x_wconf 83' lang='lat' dir='ltr'>deficere.</span> <span class='ocrx_word' id='word_1_184' title='bbox 637 1871 703 1917; x_wconf 78' lang='lat' dir='ltr'>vel</span> <span class='ocrx_word' id='word_1_185' title='bbox 723 1890 847 1935; x_wconf 77' lang='lat' dir='ltr'>posse</span> <span class='ocrx_word' id='word_1_186' title='bbox 867 1872 1069 1928; x_wconf 84' lang='lat' dir='ltr'>deficere,</span> <span class='ocrx_word' id='word_1_187' title='bbox 1099 1873 1180 1918; x_wconf 87' lang='lat' dir='ltr'>nisi</span> <span class='ocrx_word' id='word_1_188' title='bbox 1201 1873 1321 1936; x_wconf 87' lang='lat' dir='ltr'>quod</span> <span class='ocrx_word' id='word_1_189' title='bbox 1347 1891 1394 1919; x_wconf 84' lang='lat' dir='ltr'>ex</span> <span class='ocrx_word' id='word_1_190' title='bbox 1417 1873 1557 1919; x_wconf 90' lang='lat' dir='ltr'>nihilo</span> <span class='ocrx_word' id='word_1_191' title='bbox 1577 1872 1705 1920; x_wconf 83' lang='lat' dir='ltr'>factae</span> 
     </span>
     <span class='ocr_line' id='line_1_24' title="bbox 317 1942 1706 2008; baseline 0.002 -21"><span class='ocrx_word' id='word_1_192' title='bbox 317 1952 418 1988; x_wconf 87' lang='lat' dir='ltr'>sunt</span> <span class='ocrx_word' id='word_1_193' title='bbox 443 1960 454 1987; x_wconf 70' lang='grc' dir='ltr'>ε</span> <span class='ocrx_word' id='word_1_194' title='bbox 482 1952 531 1987; x_wconf 90' lang='lat' dir='ltr'>ut</span> <span class='ocrx_word' id='word_1_195' title='bbox 548 1942 668 2005; x_wconf 81' lang='lat' dir='ltr'>quod</span> <span class='ocrx_word' id='word_1_196' title='bbox 685 1943 730 1988; x_wconf 90' lang='lat' dir='ltr'>in</span> <span class='ocrx_word' id='word_1_197' title='bbox 755 1944 813 1988; x_wconf 89' lang='lat' dir='ltr'>eis</span> <span class='ocrx_word' id='word_1_198' title='bbox 829 1955 889 1989; x_wconf 86' lang='lat' dir='ltr'>cst</span> <span class='ocrx_word' id='word_1_199' title='bbox 911 1943 1031 2006; x_wconf 85' lang='lat' dir='ltr'>quod</span> <span class='ocrx_word' id='word_1_200' title='bbox 1055 1954 1155 1989; x_wconf 89' lang='lat' dir='ltr'>sunt</span> <span class='ocrx_word' id='word_1_201' title='bbox 1172 1954 1213 1989; x_wconf 86' lang='lat' dir='ltr'>et</span> <span class='ocrx_word' id='word_1_202' title='bbox 1238 1954 1432 2000; x_wconf 86' lang='lat' dir='ltr'>manent,</span> <span class='ocrx_word' id='word_1_203' title='bbox 1455 1955 1496 1989; x_wconf 88' lang='lat' dir='ltr'>et</span> <span class='ocrx_word' id='word_1_204' title='bbox 1520 1962 1601 2008; x_wconf 88' lang='lat' dir='ltr'>pro</span> <span class='ocrx_word' id='word_1_205' title='bbox 1626 1944 1706 1990; x_wconf 88' lang='lat' dir='ltr'>de-</span> 
     </span>
     <span class='ocr_line' id='line_1_25' title="bbox 317 2012 1702 2077; baseline 0.002 -19"><span class='ocrx_word' id='word_1_206' title='bbox 317 2012 504 2058; x_wconf 81' lang='lat' dir='ltr'>fectibus</span> <span class='ocrx_word' id='word_1_207' title='bbox 517 2014 645 2059; x_wconf 88' lang='lat' dir='ltr'>etiam</span> <span class='ocrx_word' id='word_1_208' title='bbox 658 2013 745 2058; x_wconf 85' lang='lat' dir='ltr'>suis</span> <span class='ocrx_word' id='word_1_209' title='bbox 761 2014 815 2058; x_wconf 88' lang='lat' dir='ltr'>ad</span> <span class='ocrx_word' id='word_1_210' title='bbox 834 2015 1122 2059; x_wconf 81' lang='lat' dir='ltr'>universitatis</span> <span class='ocrx_word' id='word_1_211' title='bbox 1136 2014 1409 2077; x_wconf 66' lang='lat' dir='ltr'>complexum</span> <span class='ocrx_word' id='word_1_212' title='bbox 1428 2015 1702 2073; x_wconf 80' lang='lat' dir='ltr'>ordinantur,</span> 
     </span>
     <span class='ocr_line' id='line_1_26' title="bbox 318 2083 1703 2150; baseline 0.003 -22"><span class='ocrx_word' id='word_1_213' title='bbox 318 2083 372 2128; x_wconf 81' lang='lat' dir='ltr'>ad</span> <span class='ocrx_word' id='word_1_214' title='bbox 390 2086 482 2142; x_wconf 87' lang='lat' dir='ltr'>ejus</span> <span class='ocrx_word' id='word_1_215' title='bbox 495 2083 735 2129; x_wconf 86' lang='lat' dir='ltr'>bonitatem</span> <span class='ocrx_word' id='word_1_216' title='bbox 748 2085 1196 2148; x_wconf 80' lang='lat' dir='ltr'>omnipotentiamque</span> <span class='ocrx_word' id='word_1_217' title='bbox 1211 2085 1438 2148; x_wconf 86' lang='lat' dir='ltr'>pertineat,</span> <span class='ocrx_word' id='word_1_218' title='bbox 1452 2086 1527 2150; x_wconf 86' lang='lat' dir='ltr'>qui</span> <span class='ocrx_word' id='word_1_219' title='bbox 1538 2103 1703 2132; x_wconf 88' lang='lat' dir='ltr'>summe</span> 
     </span>
     <span class='ocr_line' id='line_1_27' title="bbox 315 2154 1702 2218; baseline 0.004 -20"><span class='ocrx_word' id='word_1_220' title='bbox 315 2165 377 2199; x_wconf 85' lang='lat' dir='ltr'>est</span> <span class='ocrx_word' id='word_1_221' title='bbox 401 2164 442 2199; x_wconf 85' lang='lat' dir='ltr'>ct</span> <span class='ocrx_word' id='word_1_222' title='bbox 467 2154 687 2209; x_wconf 84' lang='lat' dir='ltr'>conditor,</span> <span class='ocrx_word' id='word_1_223' title='bbox 727 2156 802 2218; x_wconf 89' lang='lat' dir='ltr'>qui</span> <span class='ocrx_word' id='word_1_224' title='bbox 826 2166 979 2218; x_wconf 81' lang='lat' dir='ltr'>potens</span> <span class='ocrx_word' id='word_1_225' title='bbox 1005 2170 1066 2201; x_wconf 84' lang='lat' dir='ltr'>est</span> <span class='ocrx_word' id='word_1_226' title='bbox 1090 2158 1217 2201; x_wconf 84' lang='lat' dir='ltr'>ctiam</span> <span class='ocrx_word' id='word_1_227' title='bbox 1238 2174 1285 2201; x_wconf 75' lang='lat' dir='ltr'>ex</span> <span class='ocrx_word' id='word_1_228' title='bbox 1311 2157 1471 2213; x_wconf 89' lang='lat' dir='ltr'>nihilo,</span> <span class='ocrx_word' id='word_1_229' title='bbox 1494 2175 1581 2203; x_wconf 91' lang='lat' dir='ltr'>non</span> <span class='ocrx_word' id='word_1_230' title='bbox 1604 2168 1702 2203; x_wconf 81' lang='lat' dir='ltr'>tan·</span> 
     </span>
     <span class='ocr_line' id='line_1_28' title="bbox 318 2224 1701 2290; baseline 0.004 -21"><span class='ocrx_word' id='word_1_231' title='bbox 318 2235 410 2270; x_wconf 89' lang='lat' dir='ltr'>tum</span> <span class='ocrx_word' id='word_1_232' title='bbox 437 2224 621 2288; x_wconf 83' lang='lat' dir='ltr'>aliquid,</span> <span class='ocrx_word' id='word_1_233' title='bbox 649 2225 721 2271; x_wconf 87' lang='lat' dir='ltr'>sed</span> <span class='ocrx_word' id='word_1_234' title='bbox 745 2225 874 2271; x_wconf 86' lang='lat' dir='ltr'>etiam</span> <span class='ocrx_word' id='word_1_235' title='bbox 901 2243 1105 2285; x_wconf 81' lang='lat' dir='ltr'>magnum</span> <span class='ocrx_word' id='word_1_236' title='bbox 1129 2226 1295 2289; x_wconf 83' lang='lat' dir='ltr'>aliquid</span> <span class='ocrx_word' id='word_1_237' title='bbox 1314 2227 1453 2273; x_wconf 83' lang='lat' dir='ltr'>facere</span> <span class='ocrx_word' id='word_1_238' title='bbox 1475 2245 1485 2272; x_wconf 72' lang='grc' dir='ltr'>ε</span> <span class='ocrx_word' id='word_1_239' title='bbox 1508 2228 1701 2290; x_wconf 87' lang='lat' dir='ltr'>primum</span> 
     </span>
     <span class='ocr_line' id='line_1_29' title="bbox 315 2296 1696 2360; baseline 0.004 -20"><span class='ocrx_word' id='word_1_240' title='bbox 315 2307 458 2341; x_wconf 83' lang='lat' dir='ltr'>autem</span> <span class='ocrx_word' id='word_1_241' title='bbox 477 2307 727 2358; x_wconf 84' lang='lat' dir='ltr'>peccatum,</span> <span class='ocrx_word' id='word_1_242' title='bbox 747 2296 832 2343; x_wconf 90' lang='lat' dir='ltr'>hoc</span> <span class='ocrx_word' id='word_1_243' title='bbox 854 2307 915 2342; x_wconf 87' lang='lat' dir='ltr'>est</span> <span class='ocrx_word' id='word_1_244' title='bbox 935 2297 1126 2360; x_wconf 83' lang='lat' dir='ltr'>primum</span> <span class='ocrx_word' id='word_1_245' title='bbox 1146 2298 1442 2344; x_wconf 79' lang='lat' dir='ltr'>voluntarium</span> <span class='ocrx_word' id='word_1_246' title='bbox 1462 2297 1696 2356; x_wconf 86' lang='lat' dir='ltr'>defectum,</span> 
     </span>
     <span class='ocr_line' id='line_1_30' title="bbox 312 2367 1699 2432; baseline 0.004 -21"><span class='ocrx_word' id='word_1_247' title='bbox 312 2383 398 2412; x_wconf 80' lang='lat' dir='ltr'>esse</span> <span class='ocrx_word' id='word_1_248' title='bbox 448 2367 632 2426; x_wconf 81' lang='lat' dir='ltr'>gaudere</span> <span class='ocrx_word' id='word_1_249' title='bbox 669 2367 723 2413; x_wconf 87' lang='lat' dir='ltr'>ad</span> <span class='ocrx_word' id='word_1_250' title='bbox 749 2368 975 2432; x_wconf 85' lang='lat' dir='ltr'>propriam</span> <span class='ocrx_word' id='word_1_251' title='bbox 1005 2380 1284 2432; x_wconf 81' lang='lat' dir='ltr'>potestatem3</span> <span class='ocrx_word' id='word_1_252' title='bbox 1317 2370 1373 2416; x_wconf 85' lang='lat' dir='ltr'>ad</span> <span class='ocrx_word' id='word_1_253' title='bbox 1408 2370 1550 2416; x_wconf 88' lang='lat' dir='ltr'>minus</span> <span class='ocrx_word' id='word_1_254' title='bbox 1585 2371 1699 2417; x_wconf 88' lang='lat' dir='ltr'>enim</span> 
     </span>
     <span class='ocr_line' id='line_1_31' title="bbox 314 2438 1694 2505; baseline 0.004 -23"><span class='ocrx_word' id='word_1_255' title='bbox 314 2438 499 2496; x_wconf 84' lang='lat' dir='ltr'>gaudet,</span> <span class='ocrx_word' id='word_1_256' title='bbox 528 2455 659 2501; x_wconf 83' lang='lat' dir='ltr'>quam</span> <span class='ocrx_word' id='word_1_257' title='bbox 685 2439 719 2484; x_wconf 91' lang='lat' dir='ltr'>si</span> <span class='ocrx_word' id='word_1_258' title='bbox 745 2439 800 2484; x_wconf 82' lang='lat' dir='ltr'>ad</span> <span class='ocrx_word' id='word_1_259' title='bbox 834 2450 1096 2503; x_wconf 86' lang='lat' dir='ltr'>potestatem</span> <span class='ocrx_word' id='word_1_260' title='bbox 1121 2478 1132 2496; x_wconf 82' lang='lat'>‚</span> <span class='ocrx_word' id='word_1_261' title='bbox 1170 2457 1272 2504; x_wconf 85' lang='lat' dir='ltr'>quae</span> <span class='ocrx_word' id='word_1_262' title='bbox 1307 2457 1432 2487; x_wconf 85' lang='lat' dir='ltr'>sensu</span> <span class='ocrx_word' id='word_1_263' title='bbox 1471 2441 1694 2505; x_wconf 88' lang='lat' dir='ltr'>corporis,</span> 
     </span>
     <span class='ocr_line' id='line_1_32' title="bbox 311 2508 1698 2574; baseline 0.004 -22"><span class='ocrx_word' id='word_1_264' title='bbox 311 2508 398 2553; x_wconf 78' lang='lat' dir='ltr'>sive</span> <span class='ocrx_word' id='word_1_265' title='bbox 430 2508 508 2553; x_wconf 89' lang='lat' dir='ltr'>Dei</span> <span class='ocrx_word' id='word_1_266' title='bbox 536 2508 749 2567; x_wconf 79' lang='lat' dir='ltr'>gaudeat,</span> <span class='ocrx_word' id='word_1_267' title='bbox 791 2527 892 2574; x_wconf 81' lang='lat' dir='ltr'>quae</span> <span class='ocrx_word' id='word_1_268' title='bbox 930 2510 1081 2574; x_wconf 85' lang='lat' dir='ltr'>utiquc</span> <span class='ocrx_word' id='word_1_269' title='bbox 1126 2515 1266 2572; x_wconf 77' lang='lat' dir='ltr'>major</span> <span class='ocrx_word' id='word_1_270' title='bbox 1290 2521 1366 2557; x_wconf 87' lang='lat' dir='ltr'>est.</span> <span class='ocrx_word' id='word_1_271' title='bbox 1392 2512 1489 2557; x_wconf 92' lang='lat' dir='ltr'>Hoc</span> <span class='ocrx_word' id='word_1_272' title='bbox 1513 2529 1601 2558; x_wconf 89' lang='lat' dir='ltr'>non</span> <span class='ocrx_word' id='word_1_273' title='bbox 1626 2512 1698 2558; x_wconf 84' lang='lat' dir='ltr'>vi-</span> 
     </span>
     <span class='ocr_line' id='line_1_33' title="bbox 311 2576 1695 2641; baseline 0.003 -18"><span class='ocrx_word' id='word_1_274' title='bbox 311 2576 477 2634; x_wconf 85' lang='lat' dir='ltr'>dentes,</span> <span class='ocrx_word' id='word_1_275' title='bbox 521 2589 561 2625; x_wconf 87' lang='lat' dir='ltr'>ct</span> <span class='ocrx_word' id='word_1_276' title='bbox 586 2580 805 2641; x_wconf 82' lang='lat' dir='ltr'>potentias</span> <span class='ocrx_word' id='word_1_277' title='bbox 839 2582 1054 2627; x_wconf 86' lang='lat' dir='ltr'>intuentes</span> <span class='ocrx_word' id='word_1_278' title='bbox 1080 2582 1212 2627; x_wconf 87' lang='lat' dir='ltr'>animi</span> <span class='ocrx_word' id='word_1_279' title='bbox 1234 2581 1436 2638; x_wconf 85' lang='lat' dir='ltr'>humani,</span> <span class='ocrx_word' id='word_1_280' title='bbox 1464 2599 1695 2641; x_wconf 84' lang='lat' dir='ltr'>magnam-</span> 
     </span>
     <span class='ocr_line' id='line_1_34' title="bbox 308 2648 1695 2716; baseline 0.004 -23"><span class='ocrx_word' id='word_1_281' title='bbox 308 2664 392 2712; x_wconf 88' lang='lat' dir='ltr'>que</span> <span class='ocrx_word' id='word_1_282' title='bbox 432 2648 814 2712; x_wconf 81' lang='lat' dir='ltr'>pulchritudinem</span> <span class='ocrx_word' id='word_1_283' title='bbox 843 2652 1057 2698; x_wconf 83' lang='lat' dir='ltr'>factorum</span> <span class='ocrx_word' id='word_1_284' title='bbox 1091 2664 1220 2716; x_wconf 80' lang='lat' dir='ltr'>atque</span> <span class='ocrx_word' id='word_1_285' title='bbox 1255 2652 1498 2710; x_wconf 85' lang='lat' dir='ltr'>dictorum,</span> <span class='ocrx_word' id='word_1_286' title='bbox 1527 2653 1695 2699; x_wconf 85' lang='lat' dir='ltr'>etiamsi</span> 
     </span>
    </p>
   </div>
  </div>
 </body>
</html>
