<?xml version="1.0" encoding="UTF-8"?>
<!DOCTYPE html PUBLIC "-//W3C//DTD XHTML 1.0 Transitional//EN"
    "http://www.w3.org/TR/xhtml1/DTD/xhtml1-transitional.dtd">
<html xmlns="http://www.w3.org/1999/xhtml" xml:lang="en" lang="en">
 <head>
  <title>
</title>
<meta http-equiv="Content-Type" content="text/html;charset=utf-8" />
  <meta name='ocr-system' content='tesseract 3.04.00' />
  <meta name='ocr-capabilities' content='ocr_page ocr_carea ocr_par ocr_line ocrx_word'/>
</head>
<body>
  <div class='ocr_page' id='page_1' title='image "./operaomniaaccura39auguuoft/operaomniaaccura39auguuoft_0395.png"; bbox 0 0 1902 3268; ppageno 0'>
   <div class='ocr_carea' id='block_1_1' title="bbox 646 270 1543 323">
    <p class='ocr_par' dir='ltr' id='par_1_1' title="bbox 646 270 1543 323">
     <span class='ocr_line' id='line_1_1' title="bbox 646 270 1543 323; baseline 0.001 -3"><span class='ocrx_word' id='word_1_1' title='bbox 646 287 857 320; x_wconf 67' lang='lat' dir='ltr'>musrom</span> <span class='ocrx_word' id='word_1_2' title='bbox 889 287 1048 320; x_wconf 80' lang='lat' dir='ltr'>cxvm.</span> <span class='ocrx_word' id='word_1_3' title='bbox 1388 315 1391 317; x_wconf 9' lang='lat' dir='ltr'>a</span> <span class='ocrx_word' id='word_1_4' title='bbox 1449 270 1543 323; x_wconf 81' lang='lat'>385</span> 
     </span>
    </p>
   </div>
   <div class='ocr_carea' id='block_1_2' title="bbox 165 351 1563 2744">
    <p class='ocr_par' dir='ltr' id='par_1_2' title="bbox 165 351 1561 1695">
     <span class='ocr_line' id='line_1_2' title="bbox 165 351 1539 420; baseline 0 -18"><span class='ocrx_word' id='word_1_5' title='bbox 165 354 361 420; x_wconf 86' lang='lat' dir='ltr'>ipsorum</span> <span class='ocrx_word' id='word_1_6' title='bbox 381 352 631 418; x_wconf 87' lang='lat' dir='ltr'>opinionem</span> <span class='ocrx_word' id='word_1_7' title='bbox 648 353 785 418; x_wconf 87' lang='lat' dir='ltr'>possit</span> <span class='ocrx_word' id='word_1_8' title='bbox 803 353 985 400; x_wconf 88' lang='lat' dir='ltr'>ostendi.</span> <span class='ocrx_word' id='word_1_9' title='bbox 1011 353 1133 399; x_wconf 82' lang='lat' dir='ltr'><strong>Certe</strong></span> <span class='ocrx_word' id='word_1_10' title='bbox 1145 351 1260 398; x_wconf 91' lang='lat' dir='ltr'>enim</span> <span class='ocrx_word' id='word_1_11' title='bbox 1283 352 1365 417; x_wconf 89' lang='lat' dir='ltr'>ipsi</span> <span class='ocrx_word' id='word_1_12' title='bbox 1385 353 1539 402; x_wconf 88' lang='lat' dir='ltr'>dicunt</span> 
     </span>
     <span class='ocr_line' id='line_1_3' title="bbox 169 421 1541 490; baseline 0 -18"><span class='ocrx_word' id='word_1_13' title='bbox 169 424 316 472; x_wconf 91' lang='lat' dir='ltr'>omnia</span> <span class='ocrx_word' id='word_1_14' title='bbox 340 442 442 490; x_wconf 85' lang='lat' dir='ltr'>quae</span> <span class='ocrx_word' id='word_1_15' title='bbox 464 425 548 471; x_wconf 89' lang='lat' dir='ltr'>sint</span> <span class='ocrx_word' id='word_1_16' title='bbox 575 435 771 482; x_wconf 86' lang='lat' dir='ltr'>naturae,</span> <span class='ocrx_word' id='word_1_17' title='bbox 810 423 923 471; x_wconf 84' lang='lat' dir='ltr'>nihil</span> <span class='ocrx_word' id='word_1_18' title='bbox 948 440 1035 470; x_wconf 87' lang='lat' dir='ltr'>esse</span> <span class='ocrx_word' id='word_1_19' title='bbox 1056 421 1175 469; x_wconf 85' lang='lat' dir='ltr'>aliud</span> <span class='ocrx_word' id='word_1_20' title='bbox 1198 439 1329 487; x_wconf 85' lang='lat' dir='ltr'>quam</span> <span class='ocrx_word' id='word_1_21' title='bbox 1356 441 1541 489; x_wconf 86' lang='lat' dir='ltr'>corpora</span> 
     </span>
     <span class='ocr_line' id='line_1_4' title="bbox 170 493 1542 561; baseline 0 -18"><span class='ocrx_word' id='word_1_22' title='bbox 170 507 211 544; x_wconf 90' lang='lat' dir='ltr'>et</span> <span class='ocrx_word' id='word_1_23' title='bbox 246 497 373 543; x_wconf 86' lang='lat' dir='ltr'>inane</span> <span class='ocrx_word' id='word_1_24' title='bbox 395 513 583 561; x_wconf 86' lang='lat' dir='ltr'>quaeque</span> <span class='ocrx_word' id='word_1_25' title='bbox 618 496 686 543; x_wconf 89' lang='lat' dir='ltr'>his</span> <span class='ocrx_word' id='word_1_26' title='bbox 725 495 951 550; x_wconf 81' lang='lat' dir='ltr'>accidant3</span> <span class='ocrx_word' id='word_1_27' title='bbox 980 493 1100 559; x_wconf 88' lang='lat' dir='ltr'>quod</span> <span class='ocrx_word' id='word_1_28' title='bbox 1135 494 1265 540; x_wconf 92' lang='lat' dir='ltr'>credo</span> <span class='ocrx_word' id='word_1_29' title='bbox 1299 507 1466 542; x_wconf 90' lang='lat' dir='ltr'>motum</span> <span class='ocrx_word' id='word_1_30' title='bbox 1500 509 1542 543; x_wconf 89' lang='lat' dir='ltr'>et</span> 
     </span>
     <span class='ocr_line' id='line_1_5' title="bbox 169 565 1541 633; baseline 0 -19"><span class='ocrx_word' id='word_1_31' title='bbox 169 567 345 633; x_wconf 90' lang='lat' dir='ltr'>pulsum</span> <span class='ocrx_word' id='word_1_32' title='bbox 363 567 505 615; x_wconf 88' lang='lat' dir='ltr'>dicere</span> <span class='ocrx_word' id='word_1_33' title='bbox 522 579 563 614; x_wconf 85' lang='lat' dir='ltr'>et</span> <span class='ocrx_word' id='word_1_34' title='bbox 582 578 889 633; x_wconf 81' lang='lat' dir='ltr'>consequentes</span> <span class='ocrx_word' id='word_1_35' title='bbox 909 567 1082 614; x_wconf 88' lang='lat' dir='ltr'>formas.</span> <span class='ocrx_word' id='word_1_36' title='bbox 1101 565 1261 612; x_wconf 84' lang='lat' dir='ltr'>Dicant</span> <span class='ocrx_word' id='word_1_37' title='bbox 1274 584 1374 627; x_wconf 84' lang='lat' dir='ltr'>ergo</span> <span class='ocrx_word' id='word_1_38' title='bbox 1389 567 1433 613; x_wconf 92' lang='lat' dir='ltr'>in</span> <span class='ocrx_word' id='word_1_39' title='bbox 1452 585 1541 632; x_wconf 93' lang='lat' dir='ltr'>quo</span> 
     </span>
     <span class='ocr_line' id='line_1_6' title="bbox 171 637 1546 704; baseline -0.001 -19"><span class='ocrx_word' id='word_1_40' title='bbox 171 655 322 700; x_wconf 85' lang='lat' dir='ltr'>genere</span> <span class='ocrx_word' id='word_1_41' title='bbox 341 650 510 704; x_wconf 85' lang='lat' dir='ltr'>ponant</span> <span class='ocrx_word' id='word_1_42' title='bbox 530 639 736 700; x_wconf 83' lang='lat' dir='ltr'>imagines</span> <span class='ocrx_word' id='word_1_43' title='bbox 752 677 763 697; x_wconf 90' lang='lat'>,</span> <span class='ocrx_word' id='word_1_44' title='bbox 789 656 898 703; x_wconf 89' lang='lat' dir='ltr'>quas</span> <span class='ocrx_word' id='word_1_45' title='bbox 916 639 969 685; x_wconf 91' lang='lat' dir='ltr'>de</span> <span class='ocrx_word' id='word_1_46' title='bbox 985 637 1246 702; x_wconf 87' lang='lat' dir='ltr'>corporibus</span> <span class='ocrx_word' id='word_1_47' title='bbox 1265 637 1546 685; x_wconf 86' lang='lat' dir='ltr'>solidioribus</span> 
     </span>
     <span class='ocr_line' id='line_1_7' title="bbox 174 708 1548 774; baseline -0.001 -18"><span class='ocrx_word' id='word_1_48' title='bbox 174 710 345 756; x_wconf 89' lang='lat' dir='ltr'>affluere</span> <span class='ocrx_word' id='word_1_49' title='bbox 368 721 542 774; x_wconf 83' lang='lat' dir='ltr'>putant,</span> <span class='ocrx_word' id='word_1_50' title='bbox 574 711 688 774; x_wconf 85' lang='lat' dir='ltr'>ipsas</span> <span class='ocrx_word' id='word_1_51' title='bbox 711 710 889 757; x_wconf 86' lang='lat' dir='ltr'>minime</span> <span class='ocrx_word' id='word_1_52' title='bbox 915 708 1072 756; x_wconf 85' lang='lat' dir='ltr'>solidas</span> <span class='ocrx_word' id='word_1_53' title='bbox 1093 745 1105 765; x_wconf 86' lang='lat'>,</span> <span class='ocrx_word' id='word_1_54' title='bbox 1139 709 1199 754; x_wconf 88' lang='lat' dir='ltr'>ita</span> <span class='ocrx_word' id='word_1_55' title='bbox 1232 718 1280 753; x_wconf 88' lang='lat' dir='ltr'>ut</span> <span class='ocrx_word' id='word_1_56' title='bbox 1320 719 1442 754; x_wconf 89' lang='lat' dir='ltr'>tactu</span> <span class='ocrx_word' id='word_1_57' title='bbox 1465 709 1548 755; x_wconf 92' lang='lat' dir='ltr'>nisi</span> 
     </span>
     <span class='ocr_line' id='line_1_8' title="bbox 172 777 1548 847; baseline -0.003 -20"><span class='ocrx_word' id='word_1_58' title='bbox 172 781 402 827; x_wconf 90' lang='lat' dir='ltr'>oculorum</span> <span class='ocrx_word' id='word_1_59' title='bbox 428 799 530 847; x_wconf 75' lang='lat' dir='ltr'>cum</span> <span class='ocrx_word' id='word_1_60' title='bbox 553 781 776 840; x_wconf 84' lang='lat' dir='ltr'>videmus,</span> <span class='ocrx_word' id='word_1_61' title='bbox 805 791 847 827; x_wconf 90' lang='lat' dir='ltr'>et</span> <span class='ocrx_word' id='word_1_62' title='bbox 872 779 1003 826; x_wconf 86' lang='lat' dir='ltr'>animi</span> <span class='ocrx_word' id='word_1_63' title='bbox 1025 796 1125 826; x_wconf 90' lang='lat' dir='ltr'>cum</span> <span class='ocrx_word' id='word_1_64' title='bbox 1146 777 1388 837; x_wconf 84' lang='lat' dir='ltr'>cogitamus</span> <span class='ocrx_word' id='word_1_65' title='bbox 1406 815 1418 835; x_wconf 86' lang='grc'>,</span> <span class='ocrx_word' id='word_1_66' title='bbox 1448 796 1548 824; x_wconf 83' lang='lat' dir='ltr'>sen-</span> 
     </span>
     <span class='ocr_line' id='line_1_9' title="bbox 173 848 1548 916; baseline -0.001 -19"><span class='ocrx_word' id='word_1_67' title='bbox 173 851 246 898; x_wconf 83' lang='lat' dir='ltr'>tiri</span> <span class='ocrx_word' id='word_1_68' title='bbox 270 869 358 899; x_wconf 91' lang='lat' dir='ltr'>non</span> <span class='ocrx_word' id='word_1_69' title='bbox 381 853 566 916; x_wconf 83' lang='lat' dir='ltr'>possint,</span> <span class='ocrx_word' id='word_1_70' title='bbox 593 852 627 899; x_wconf 90' lang='lat' dir='ltr'>si</span> <span class='ocrx_word' id='word_1_71' title='bbox 643 863 685 899; x_wconf 89' lang='lat' dir='ltr'>et</span> <span class='ocrx_word' id='word_1_72' title='bbox 701 853 795 916; x_wconf 85' lang='lat' dir='ltr'>ipsa</span> <span class='ocrx_word' id='word_1_73' title='bbox 818 868 1002 915; x_wconf 87' lang='lat' dir='ltr'>corpora</span> <span class='ocrx_word' id='word_1_74' title='bbox 1022 860 1135 897; x_wconf 88' lang='lat' dir='ltr'>sunt.</span> <span class='ocrx_word' id='word_1_75' title='bbox 1157 848 1343 896; x_wconf 88' lang='lat' dir='ltr'>Namita</span> <span class='ocrx_word' id='word_1_76' title='bbox 1357 861 1548 907; x_wconf 88' lang='lat' dir='ltr'>censent,</span> 
     </span>
     <span class='ocr_line' id='line_1_10' title="bbox 178 920 1556 989; baseline -0.002 -19"><span class='ocrx_word' id='word_1_77' title='bbox 178 934 228 970; x_wconf 90' lang='lat' dir='ltr'>ut</span> <span class='ocrx_word' id='word_1_78' title='bbox 254 924 365 970; x_wconf 90' lang='lat' dir='ltr'>exire</span> <span class='ocrx_word' id='word_1_79' title='bbox 398 941 421 969; x_wconf 85' lang='lat' dir='ltr'>a</span> <span class='ocrx_word' id='word_1_80' title='bbox 446 941 631 989; x_wconf 90' lang='lat' dir='ltr'>corpore</span> <span class='ocrx_word' id='word_1_81' title='bbox 654 935 696 970; x_wconf 91' lang='lat' dir='ltr'>et</span> <span class='ocrx_word' id='word_1_82' title='bbox 730 923 869 970; x_wconf 80' lang='lat' dir='ltr'>venire</span> <span class='ocrx_word' id='word_1_83' title='bbox 895 922 949 969; x_wconf 86' lang='lat' dir='ltr'>ad</span> <span class='ocrx_word' id='word_1_84' title='bbox 976 923 1142 979; x_wconf 91' lang='lat' dir='ltr'>oculos,</span> <span class='ocrx_word' id='word_1_85' title='bbox 1179 920 1249 969; x_wconf 84' lang='lat' dir='ltr'>vel</span> <span class='ocrx_word' id='word_1_86' title='bbox 1273 920 1328 967; x_wconf 89' lang='lat' dir='ltr'>ad</span> <span class='ocrx_word' id='word_1_87' title='bbox 1359 921 1556 968; x_wconf 90' lang='lat' dir='ltr'>animum</span> 
     </span>
     <span class='ocr_line' id='line_1_11' title="bbox 173 993 1553 1059; baseline -0.001 -19"><span class='ocrx_word' id='word_1_88' title='bbox 173 995 360 1059; x_wconf 81' lang='lat' dir='ltr'>possint,</span> <span class='ocrx_word' id='word_1_89' title='bbox 376 1011 507 1059; x_wconf 91' lang='lat' dir='ltr'>quem</span> <span class='ocrx_word' id='word_1_90' title='bbox 523 995 811 1042; x_wconf 85' lang='lat' dir='ltr'>nihilominus</span> <span class='ocrx_word' id='word_1_91' title='bbox 827 994 982 1041; x_wconf 89' lang='lat' dir='ltr'>dicunt</span> <span class='ocrx_word' id='word_1_92' title='bbox 999 1011 1086 1040; x_wconf 91' lang='lat' dir='ltr'>esse</span> <span class='ocrx_word' id='word_1_93' title='bbox 1097 1009 1370 1057; x_wconf 86' lang='lat' dir='ltr'>corporeum.</span> <span class='ocrx_word' id='word_1_94' title='bbox 1388 993 1553 1050; x_wconf 84' lang='lat' dir='ltr'>Quaero</span> 
     </span>
     <span class='ocr_line' id='line_1_12' title="bbox 174 1063 1552 1130; baseline -0.001 -20"><span class='ocrx_word' id='word_1_95' title='bbox 174 1075 322 1111; x_wconf 91' lang='lat' dir='ltr'>utrum</span> <span class='ocrx_word' id='word_1_96' title='bbox 335 1066 464 1112; x_wconf 86' lang='lat' dir='ltr'>etiam</span> <span class='ocrx_word' id='word_1_97' title='bbox 485 1066 540 1112; x_wconf 88' lang='lat' dir='ltr'>ab</span> <span class='ocrx_word' id='word_1_98' title='bbox 553 1065 657 1130; x_wconf 88' lang='lat' dir='ltr'>ipsis</span> <span class='ocrx_word' id='word_1_99' title='bbox 672 1066 826 1112; x_wconf 84' lang='lat' dir='ltr'>atomis</span> <span class='ocrx_word' id='word_1_100' title='bbox 843 1066 1020 1112; x_wconf 84' lang='lat' dir='ltr'>affluant</span> <span class='ocrx_word' id='word_1_101' title='bbox 1034 1065 1267 1125; x_wconf 68' lang='lat' dir='ltr'>imagines?</span> <span class='ocrx_word' id='word_1_102' title='bbox 1285 1063 1331 1110; x_wconf 84' lang='lat' dir='ltr'>Si</span> <span class='ocrx_word' id='word_1_103' title='bbox 1349 1064 1552 1121; x_wconf 87' lang='lat' dir='ltr'>affluunt,</span> 
     </span>
     <span class='ocr_line' id='line_1_13' title="bbox 174 1135 1553 1201; baseline -0.001 -19"><span class='ocrx_word' id='word_1_104' title='bbox 174 1135 397 1200; x_wconf 91' lang='lat' dir='ltr'>quomodo</span> <span class='ocrx_word' id='word_1_105' title='bbox 414 1139 505 1196; x_wconf 85' lang='lat' dir='ltr'>jam</span> <span class='ocrx_word' id='word_1_106' title='bbox 529 1147 630 1183; x_wconf 89' lang='lat' dir='ltr'>sunt</span> <span class='ocrx_word' id='word_1_107' title='bbox 652 1138 810 1195; x_wconf 86' lang='lat' dir='ltr'>atomi,</span> <span class='ocrx_word' id='word_1_108' title='bbox 836 1155 860 1183; x_wconf 86' lang='lat' dir='ltr'>a</span> <span class='ocrx_word' id='word_1_109' title='bbox 881 1137 1042 1201; x_wconf 91' lang='lat' dir='ltr'>quibus</span> <span class='ocrx_word' id='word_1_110' title='bbox 1057 1136 1201 1200; x_wconf 85' lang='lat' dir='ltr'>aliqua</span> <span class='ocrx_word' id='word_1_111' title='bbox 1220 1152 1406 1199; x_wconf 91' lang='lat' dir='ltr'>corpora</span> <span class='ocrx_word' id='word_1_112' title='bbox 1425 1152 1553 1199; x_wconf 86' lang='lat' dir='ltr'>sepa-</span> 
     </span>
     <span class='ocr_line' id='line_1_14' title="bbox 174 1206 1557 1272; baseline -0.001 -20"><span class='ocrx_word' id='word_1_113' title='bbox 174 1210 356 1253; x_wconf 69' lang='lat' dir='ltr'>rantur?</span> <span class='ocrx_word' id='word_1_114' title='bbox 383 1208 429 1253; x_wconf 84' lang='lat' dir='ltr'>Si</span> <span class='ocrx_word' id='word_1_115' title='bbox 447 1225 535 1254; x_wconf 91' lang='lat' dir='ltr'>non</span> <span class='ocrx_word' id='word_1_116' title='bbox 563 1208 744 1254; x_wconf 82' lang='lat' dir='ltr'>affluunt</span> <span class='ocrx_word' id='word_1_117' title='bbox 760 1246 771 1264; x_wconf 96' lang='lat'>,</span> <span class='ocrx_word' id='word_1_118' title='bbox 796 1219 870 1254; x_wconf 85' lang='lat' dir='ltr'>aut</span> <span class='ocrx_word' id='word_1_119' title='bbox 893 1219 1035 1272; x_wconf 87' lang='lat' dir='ltr'>potest</span> <span class='ocrx_word' id='word_1_120' title='bbox 1058 1206 1223 1271; x_wconf 86' lang='lat' dir='ltr'>aliquid</span> <span class='ocrx_word' id='word_1_121' title='bbox 1241 1206 1330 1252; x_wconf 90' lang='lat' dir='ltr'>sine</span> <span class='ocrx_word' id='word_1_122' title='bbox 1351 1206 1557 1267; x_wconf 85' lang='lat' dir='ltr'>imagini-</span> 
     </span>
     <span class='ocr_line' id='line_1_15' title="bbox 176 1276 1558 1343; baseline 0 -20"><span class='ocrx_word' id='word_1_123' title='bbox 176 1277 260 1324; x_wconf 89' lang='lat' dir='ltr'>bus</span> <span class='ocrx_word' id='word_1_124' title='bbox 284 1277 488 1339; x_wconf 86' lang='lat' dir='ltr'>cogitari,</span> <span class='ocrx_word' id='word_1_125' title='bbox 508 1278 627 1343; x_wconf 93' lang='lat' dir='ltr'>quod</span> <span class='ocrx_word' id='word_1_126' title='bbox 656 1279 933 1326; x_wconf 87' lang='lat' dir='ltr'>vehementer</span> <span class='ocrx_word' id='word_1_127' title='bbox 957 1279 1140 1332; x_wconf 81' lang='lat' dir='ltr'>nolunt3</span> <span class='ocrx_word' id='word_1_128' title='bbox 1163 1288 1237 1323; x_wconf 89' lang='lat' dir='ltr'>aut</span> <span class='ocrx_word' id='word_1_129' title='bbox 1255 1276 1370 1322; x_wconf 89' lang='lat' dir='ltr'>unde</span> <span class='ocrx_word' id='word_1_130' title='bbox 1395 1288 1558 1323; x_wconf 88' lang='lat' dir='ltr'>norunt</span> 
     </span>
     <span class='ocr_line' id='line_1_16' title="bbox 179 1347 1559 1414; baseline 0 -21"><span class='ocrx_word' id='word_1_131' title='bbox 179 1358 359 1404; x_wconf 83' lang='lat' dir='ltr'>atomos,</span> <span class='ocrx_word' id='word_1_132' title='bbox 382 1366 492 1414; x_wconf 87' lang='lat' dir='ltr'>quas</span> <span class='ocrx_word' id='word_1_133' title='bbox 509 1367 588 1397; x_wconf 88' lang='lat' dir='ltr'>nec</span> <span class='ocrx_word' id='word_1_134' title='bbox 614 1351 806 1411; x_wconf 86' lang='lat' dir='ltr'>cogitare</span> <span class='ocrx_word' id='word_1_135' title='bbox 822 1353 1095 1414; x_wconf 66' lang='lat' dir='ltr'>potuerunt?</span> <span class='ocrx_word' id='word_1_136' title='bbox 1121 1348 1206 1395; x_wconf 88' lang='lat' dir='ltr'>Sed</span> <span class='ocrx_word' id='word_1_137' title='bbox 1225 1351 1317 1408; x_wconf 87' lang='lat' dir='ltr'>jam</span> <span class='ocrx_word' id='word_1_138' title='bbox 1342 1347 1559 1411; x_wconf 86' lang='lat' dir='ltr'>pudetme</span> 
     </span>
     <span class='ocr_line' id='line_1_17' title="bbox 176 1418 1559 1485; baseline 0.001 -21"><span class='ocrx_word' id='word_1_139' title='bbox 176 1418 258 1465; x_wconf 87' lang='lat' dir='ltr'>ista</span> <span class='ocrx_word' id='word_1_140' title='bbox 287 1419 505 1478; x_wconf 82' lang='lat' dir='ltr'>refellere,</span> <span class='ocrx_word' id='word_1_141' title='bbox 542 1437 644 1467; x_wconf 90' lang='lat' dir='ltr'>cum</span> <span class='ocrx_word' id='word_1_142' title='bbox 676 1438 746 1467; x_wconf 86' lang='lat' dir='ltr'>eos</span> <span class='ocrx_word' id='word_1_143' title='bbox 779 1438 868 1466; x_wconf 91' lang='lat' dir='ltr'>non</span> <span class='ocrx_word' id='word_1_144' title='bbox 896 1420 1107 1485; x_wconf 88' lang='lat' dir='ltr'>puduerit</span> <span class='ocrx_word' id='word_1_145' title='bbox 1132 1420 1213 1466; x_wconf 86' lang='lat' dir='ltr'>ista</span> <span class='ocrx_word' id='word_1_146' title='bbox 1246 1419 1418 1466; x_wconf 87' lang='lat' dir='ltr'>sentire.</span> <span class='ocrx_word' id='word_1_147' title='bbox 1445 1422 1559 1465; x_wconf 88' lang='lat' dir='ltr'>Cum</span> 
     </span>
     <span class='ocr_line' id='line_1_18' title="bbox 176 1489 1558 1552; baseline -0.001 -17"><span class='ocrx_word' id='word_1_148' title='bbox 176 1505 280 1536; x_wconf 89' lang='lat' dir='ltr'>vero</span> <span class='ocrx_word' id='word_1_149' title='bbox 317 1490 410 1537; x_wconf 89' lang='lat' dir='ltr'>ausi</span> <span class='ocrx_word' id='word_1_150' title='bbox 442 1490 527 1537; x_wconf 89' lang='lat' dir='ltr'>sint</span> <span class='ocrx_word' id='word_1_151' title='bbox 565 1491 696 1538; x_wconf 83' lang='lat' dir='ltr'>etiarn</span> <span class='ocrx_word' id='word_1_152' title='bbox 735 1490 991 1549; x_wconf 89' lang='lat' dir='ltr'>defendere,</span> <span class='ocrx_word' id='word_1_153' title='bbox 1034 1508 1122 1537; x_wconf 90' lang='lat' dir='ltr'>non</span> <span class='ocrx_word' id='word_1_154' title='bbox 1151 1492 1247 1552; x_wconf 90' lang='lat' dir='ltr'>jam</span> <span class='ocrx_word' id='word_1_155' title='bbox 1276 1506 1426 1535; x_wconf 91' lang='lat' dir='ltr'>eorum</span> <span class='ocrx_word' id='word_1_156' title='bbox 1445 1526 1457 1546; x_wconf 88' lang='lat'>,</span> <span class='ocrx_word' id='word_1_157' title='bbox 1485 1489 1558 1535; x_wconf 88' lang='lat' dir='ltr'>sed</span> 
     </span>
     <span class='ocr_line' id='line_1_19' title="bbox 177 1559 1561 1627; baseline -0.001 -21"><span class='ocrx_word' id='word_1_158' title='bbox 177 1560 500 1624; x_wconf 87' lang='lat' dir='ltr'>ipsius-generis</span> <span class='ocrx_word' id='word_1_159' title='bbox 526 1561 712 1609; x_wconf 87' lang='lat' dir='ltr'>humani</span> <span class='ocrx_word' id='word_1_160' title='bbox 741 1578 810 1609; x_wconf 88' lang='lat' dir='ltr'>me</span> <span class='ocrx_word' id='word_1_161' title='bbox 832 1561 998 1627; x_wconf 90' lang='lat' dir='ltr'>pudet,</span> <span class='ocrx_word' id='word_1_162' title='bbox 1025 1564 1150 1623; x_wconf 86' lang='lat' dir='ltr'>cujus</span> <span class='ocrx_word' id='word_1_163' title='bbox 1177 1577 1300 1606; x_wconf 85' lang='lat' dir='ltr'>aures</span> <span class='ocrx_word' id='word_1_164' title='bbox 1322 1559 1422 1606; x_wconf 87' lang='lat' dir='ltr'>haec</span> <span class='ocrx_word' id='word_1_165' title='bbox 1449 1559 1561 1606; x_wconf 86' lang='lat' dir='ltr'>ferre</span> 
     </span>
     <span class='ocr_line' id='line_1_20' title="bbox 178 1642 433 1695; baseline 0.012 -18"><span class='ocrx_word' id='word_1_166' title='bbox 178 1642 433 1695; x_wconf 88' lang='lat' dir='ltr'>potuerunt.</span> 
     </span>
    </p>

    <p class='ocr_par' dir='ltr' id='par_1_3' title="bbox 181 1701 1563 2686">
     <span class='ocr_line' id='line_1_21' title="bbox 245 1701 1562 1766; baseline -0.002 -17"><span class='ocrx_word' id='word_1_167' title='bbox 245 1703 433 1751; x_wconf 87' lang='lat' dir='ltr'>XXXII.</span> <span class='ocrx_word' id='word_1_168' title='bbox 472 1704 587 1749; x_wconf 91' lang='lat' dir='ltr'>Cum</span> <span class='ocrx_word' id='word_1_169' title='bbox 618 1703 752 1765; x_wconf 89' lang='lat' dir='ltr'>igitur</span> <span class='ocrx_word' id='word_1_170' title='bbox 790 1713 911 1750; x_wconf 86' lang='lat' dir='ltr'>tanta</span> <span class='ocrx_word' id='word_1_171' title='bbox 945 1703 998 1749; x_wconf 89' lang='lat' dir='ltr'>sit</span> <span class='ocrx_word' id='word_1_172' title='bbox 1031 1703 1204 1749; x_wconf 84' lang='lat' dir='ltr'>caecitas</span> <span class='ocrx_word' id='word_1_173' title='bbox 1238 1701 1448 1748; x_wconf 87' lang='lat' dir='ltr'>mentium</span> <span class='ocrx_word' id='word_1_174' title='bbox 1482 1718 1562 1766; x_wconf 88' lang='lat' dir='ltr'>per</span> 
     </span>
     <span class='ocr_line' id='line_1_22' title="bbox 181 1771 1562 1838; baseline 0 -20"><span class='ocrx_word' id='word_1_175' title='bbox 181 1771 373 1819; x_wconf 90' lang='lat' dir='ltr'>illuviem</span> <span class='ocrx_word' id='word_1_176' title='bbox 403 1785 686 1836; x_wconf 87' lang='lat' dir='ltr'>peccatorum</span> <span class='ocrx_word' id='word_1_177' title='bbox 718 1791 998 1838; x_wconf 87' lang='lat' dir='ltr'>amoremque</span> <span class='ocrx_word' id='word_1_178' title='bbox 1031 1773 1202 1827; x_wconf 79' lang='lat' dir='ltr'>carniS,</span> <span class='ocrx_word' id='word_1_179' title='bbox 1241 1784 1291 1819; x_wconf 90' lang='lat' dir='ltr'>ut</span> <span class='ocrx_word' id='word_1_180' title='bbox 1325 1774 1454 1819; x_wconf 89' lang='lat' dir='ltr'>etiarn</span> <span class='ocrx_word' id='word_1_181' title='bbox 1480 1774 1562 1818; x_wconf 88' lang='lat' dir='ltr'>ista</span> 
     </span>
     <span class='ocr_line' id='line_1_23' title="bbox 183 1843 1560 1908; baseline 0.001 -19"><span class='ocrx_word' id='word_1_182' title='bbox 183 1843 495 1890; x_wconf 85' lang='lat' dir='ltr'>sententiarum</span> <span class='ocrx_word' id='word_1_183' title='bbox 527 1854 730 1908; x_wconf 86' lang='lat' dir='ltr'>portenta</span> <span class='ocrx_word' id='word_1_184' title='bbox 749 1881 760 1901; x_wconf 86' lang='lat'>,</span> <span class='ocrx_word' id='word_1_185' title='bbox 794 1846 883 1891; x_wconf 84' lang='lat' dir='ltr'>otia</span> <span class='ocrx_word' id='word_1_186' title='bbox 905 1845 1136 1892; x_wconf 89' lang='lat' dir='ltr'>doctorum</span> <span class='ocrx_word' id='word_1_187' title='bbox 1162 1853 1382 1890; x_wconf 86' lang='lat' dir='ltr'>conterere</span> <span class='ocrx_word' id='word_1_188' title='bbox 1401 1843 1560 1908; x_wconf 88' lang='lat' dir='ltr'>dispu-</span> 
     </span>
     <span class='ocr_line' id='line_1_24' title="bbox 184 1914 1558 1979; baseline 0.002 -19"><span class='ocrx_word' id='word_1_189' title='bbox 184 1914 319 1961; x_wconf 89' lang='lat' dir='ltr'>tando</span> <span class='ocrx_word' id='word_1_190' title='bbox 344 1915 602 1979; x_wconf 87' lang='lat' dir='ltr'>potuerint,</span> <span class='ocrx_word' id='word_1_191' title='bbox 630 1915 855 1962; x_wconf 85' lang='lat' dir='ltr'>dubitabis</span> <span class='ocrx_word' id='word_1_192' title='bbox 892 1926 939 1962; x_wconf 89' lang='lat' dir='ltr'>tu</span> <span class='ocrx_word' id='word_1_193' title='bbox 962 1917 1169 1963; x_wconf 90' lang='lat' dir='ltr'>Dioscore</span> <span class='ocrx_word' id='word_1_194' title='bbox 1187 1951 1199 1970; x_wconf 87' lang='lat'>,</span> <span class='ocrx_word' id='word_1_195' title='bbox 1233 1914 1299 1962; x_wconf 89' lang='lat' dir='ltr'>vel</span> <span class='ocrx_word' id='word_1_196' title='bbox 1324 1915 1558 1979; x_wconf 85' lang='lat' dir='ltr'>quisquam</span> 
     </span>
     <span class='ocr_line' id='line_1_25' title="bbox 183 1984 1560 2050; baseline 0.002 -18"><span class='ocrx_word' id='word_1_197' title='bbox 183 1984 381 2045; x_wconf 85' lang='lat' dir='ltr'>vigilanti</span> <span class='ocrx_word' id='word_1_198' title='bbox 402 1985 574 2046; x_wconf 86' lang='lat' dir='ltr'>ingenio</span> <span class='ocrx_word' id='word_1_199' title='bbox 596 1985 834 2050; x_wconf 82' lang='lat' dir='ltr'>praeditus,</span> <span class='ocrx_word' id='word_1_200' title='bbox 861 1985 950 2032; x_wconf 91' lang='lat' dir='ltr'>ullo</span> <span class='ocrx_word' id='word_1_201' title='bbox 975 1986 1107 2033; x_wconf 90' lang='lat' dir='ltr'>modo</span> <span class='ocrx_word' id='word_1_202' title='bbox 1126 1985 1181 2032; x_wconf 88' lang='lat' dir='ltr'>ad</span> <span class='ocrx_word' id='word_1_203' title='bbox 1201 1985 1464 2049; x_wconf 85' lang='lat' dir='ltr'>sequendam</span> <span class='ocrx_word' id='word_1_204' title='bbox 1490 2005 1560 2035; x_wconf 87' lang='lat' dir='ltr'>ve-</span> 
     </span>
     <span class='ocr_line' id='line_1_26' title="bbox 182 2056 1561 2121; baseline 0.001 -19"><span class='ocrx_word' id='word_1_205' title='bbox 182 2056 354 2102; x_wconf 89' lang='lat' dir='ltr'>ritatem</span> <span class='ocrx_word' id='word_1_206' title='bbox 377 2056 530 2103; x_wconf 90' lang='lat' dir='ltr'>melius</span> <span class='ocrx_word' id='word_1_207' title='bbox 552 2056 719 2103; x_wconf 90' lang='lat' dir='ltr'>consuli</span> <span class='ocrx_word' id='word_1_208' title='bbox 736 2057 929 2121; x_wconf 89' lang='lat' dir='ltr'>potuisse</span> <span class='ocrx_word' id='word_1_209' title='bbox 953 2057 1097 2117; x_wconf 85' lang='lat' dir='ltr'>generi</span> <span class='ocrx_word' id='word_1_210' title='bbox 1115 2056 1329 2107; x_wconf 85' lang='lat' dir='ltr'>humano,</span> <span class='ocrx_word' id='word_1_211' title='bbox 1354 2073 1487 2120; x_wconf 88' lang='lat' dir='ltr'>quam</span> <span class='ocrx_word' id='word_1_212' title='bbox 1514 2069 1561 2104; x_wconf 90' lang='lat' dir='ltr'>ut</span> 
     </span>
     <span class='ocr_line' id='line_1_27' title="bbox 183 2125 1560 2191; baseline 0.002 -19"><span class='ocrx_word' id='word_1_213' title='bbox 183 2126 319 2172; x_wconf 88' lang='lat' dir='ltr'>homo</span> <span class='ocrx_word' id='word_1_214' title='bbox 345 2125 509 2190; x_wconf 86' lang='lat' dir='ltr'>abipsa</span> <span class='ocrx_word' id='word_1_215' title='bbox 526 2127 705 2174; x_wconf 89' lang='lat' dir='ltr'>veritate</span> <span class='ocrx_word' id='word_1_216' title='bbox 724 2138 948 2191; x_wconf 86' lang='lat' dir='ltr'>susceptus</span> <span class='ocrx_word' id='word_1_217' title='bbox 972 2125 1251 2174; x_wconf 69' lang='lat' dir='ltr'>,ineffabiliter</span> <span class='ocrx_word' id='word_1_218' title='bbox 1276 2137 1406 2191; x_wconf 86' lang='lat' dir='ltr'>atque</span> <span class='ocrx_word' id='word_1_219' title='bbox 1429 2128 1560 2175; x_wconf 82' lang='lat' dir='ltr'>mira-</span> 
     </span>
     <span class='ocr_line' id='line_1_28' title="bbox 185 2196 1558 2262; baseline 0.002 -20"><span class='ocrx_word' id='word_1_220' title='bbox 185 2196 332 2242; x_wconf 83' lang='lat' dir='ltr'>biliter</span> <span class='ocrx_word' id='word_1_221' title='bbox 349 2233 361 2253; x_wconf 93' lang='lat'>,</span> <span class='ocrx_word' id='word_1_222' title='bbox 391 2207 434 2243; x_wconf 90' lang='lat' dir='ltr'>et</span> <span class='ocrx_word' id='word_1_223' title='bbox 455 2197 593 2261; x_wconf 88' lang='lat' dir='ltr'>ipsius</span> <span class='ocrx_word' id='word_1_224' title='bbox 623 2198 668 2243; x_wconf 90' lang='lat' dir='ltr'>in</span> <span class='ocrx_word' id='word_1_225' title='bbox 692 2197 815 2244; x_wconf 85' lang='lat' dir='ltr'>terris</span> <span class='ocrx_word' id='word_1_226' title='bbox 836 2215 1065 2261; x_wconf 84' lang='lat' dir='ltr'>personam</span> <span class='ocrx_word' id='word_1_227' title='bbox 1097 2215 1245 2257; x_wconf 87' lang='lat' dir='ltr'>gerens</span> <span class='ocrx_word' id='word_1_228' title='bbox 1265 2234 1277 2255; x_wconf 90' lang='lat'>,</span> <span class='ocrx_word' id='word_1_229' title='bbox 1305 2208 1422 2244; x_wconf 89' lang='lat' dir='ltr'>recta</span> <span class='ocrx_word' id='word_1_230' title='bbox 1444 2216 1558 2262; x_wconf 89' lang='lat' dir='ltr'>prae-</span> 
     </span>
     <span class='ocr_line' id='line_1_29' title="bbox 187 2266 1560 2332; baseline 0.003 -19"><span class='ocrx_word' id='word_1_231' title='bbox 187 2266 413 2331; x_wconf 86' lang='lat' dir='ltr'>cipiendo,</span> <span class='ocrx_word' id='word_1_232' title='bbox 441 2278 484 2314; x_wconf 87' lang='lat' dir='ltr'>et</span> <span class='ocrx_word' id='word_1_233' title='bbox 517 2268 666 2315; x_wconf 86' lang='lat' dir='ltr'>divina</span> <span class='ocrx_word' id='word_1_234' title='bbox 696 2268 896 2314; x_wconf 83' lang='lat' dir='ltr'>faciendo</span> <span class='ocrx_word' id='word_1_235' title='bbox 915 2305 927 2325; x_wconf 90' lang='lat'>,</span> <span class='ocrx_word' id='word_1_236' title='bbox 958 2268 1190 2315; x_wconf 85' lang='lat' dir='ltr'>salubriter</span> <span class='ocrx_word' id='word_1_237' title='bbox 1226 2267 1346 2313; x_wconf 85' lang='lat' dir='ltr'>credi</span> <span class='ocrx_word' id='word_1_238' title='bbox 1379 2286 1560 2332; x_wconf 86' lang='lat' dir='ltr'>persua-</span> 
     </span>
     <span class='ocr_line' id='line_1_30' title="bbox 188 2337 1560 2403; baseline 0.002 -19"><span class='ocrx_word' id='word_1_239' title='bbox 188 2338 334 2395; x_wconf 87' lang='lat' dir='ltr'>deret,</span> <span class='ocrx_word' id='word_1_240' title='bbox 360 2338 482 2403; x_wconf 86' lang='lat' dir='ltr'>quod</span> <span class='ocrx_word' id='word_1_241' title='bbox 514 2339 709 2386; x_wconf 90' lang='lat' dir='ltr'>nondum</span> <span class='ocrx_word' id='word_1_242' title='bbox 737 2338 975 2402; x_wconf 87' lang='lat' dir='ltr'>prudenter</span> <span class='ocrx_word' id='word_1_243' title='bbox 1004 2348 1146 2403; x_wconf 88' lang='lat' dir='ltr'>posset</span> <span class='ocrx_word' id='word_1_244' title='bbox 1165 2337 1380 2399; x_wconf 72' lang='lat' dir='ltr'>intelligi?</span> <span class='ocrx_word' id='word_1_245' title='bbox 1415 2340 1560 2401; x_wconf 85' lang='lat' dir='ltr'>Hujus</span> 
     </span>
     <span class='ocr_line' id='line_1_31' title="bbox 189 2408 1561 2472; baseline 0.003 -18"><span class='ocrx_word' id='word_1_246' title='bbox 189 2425 268 2454; x_wconf 92' lang='lat' dir='ltr'>nos</span> <span class='ocrx_word' id='word_1_247' title='bbox 285 2408 434 2469; x_wconf 87' lang='lat' dir='ltr'>gloriae</span> <span class='ocrx_word' id='word_1_248' title='bbox 452 2412 659 2456; x_wconf 90' lang='lat' dir='ltr'>servimus</span> <span class='ocrx_word' id='word_1_249' title='bbox 680 2447 690 2467; x_wconf 96' lang='lat'>,</span> <span class='ocrx_word' id='word_1_250' title='bbox 715 2409 824 2455; x_wconf 89' lang='lat' dir='ltr'>huic</span> <span class='ocrx_word' id='word_1_251' title='bbox 844 2420 883 2454; x_wconf 89' lang='lat' dir='ltr'>te</span> <span class='ocrx_word' id='word_1_252' title='bbox 905 2409 1188 2455; x_wconf 84' lang='lat' dir='ltr'>immobiliter</span> <span class='ocrx_word' id='word_1_253' title='bbox 1212 2419 1341 2472; x_wconf 87' lang='lat' dir='ltr'>atque</span> <span class='ocrx_word' id='word_1_254' title='bbox 1354 2420 1561 2458; x_wconf 89' lang='lat' dir='ltr'>constan-</span> 
     </span>
     <span class='ocr_line' id='line_1_32' title="bbox 190 2478 1560 2547; baseline 0.004 -23"><span class='ocrx_word' id='word_1_255' title='bbox 190 2489 255 2525; x_wconf 89' lang='lat' dir='ltr'>ter</span> <span class='ocrx_word' id='word_1_256' title='bbox 270 2478 443 2526; x_wconf 90' lang='lat' dir='ltr'>credere</span> <span class='ocrx_word' id='word_1_257' title='bbox 455 2479 703 2537; x_wconf 84' lang='lat' dir='ltr'>hortamur,</span> <span class='ocrx_word' id='word_1_258' title='bbox 721 2496 799 2544; x_wconf 88' lang='lat' dir='ltr'>per</span> <span class='ocrx_word' id='word_1_259' title='bbox 816 2496 947 2544; x_wconf 91' lang='lat' dir='ltr'>quem</span> <span class='ocrx_word' id='word_1_260' title='bbox 959 2479 1124 2526; x_wconf 88' lang='lat' dir='ltr'>factum</span> <span class='ocrx_word' id='word_1_261' title='bbox 1143 2490 1223 2537; x_wconf 86' lang='lat' dir='ltr'>est,</span> <span class='ocrx_word' id='word_1_262' title='bbox 1244 2492 1395 2528; x_wconf 89' lang='lat' dir='ltr'>utnon</span> <span class='ocrx_word' id='word_1_263' title='bbox 1408 2483 1560 2547; x_wconf 89' lang='lat' dir='ltr'>pauci,</span> 
     </span>
     <span class='ocr_line' id='line_1_33' title="bbox 191 2549 1558 2616; baseline 0.004 -20"><span class='ocrx_word' id='word_1_264' title='bbox 191 2549 263 2596; x_wconf 89' lang='lat' dir='ltr'>sed</span> <span class='ocrx_word' id='word_1_265' title='bbox 274 2550 432 2615; x_wconf 92' lang='lat' dir='ltr'>populi</span> <span class='ocrx_word' id='word_1_266' title='bbox 449 2551 598 2608; x_wconf 83' lang='lat' dir='ltr'>etiam,</span> <span class='ocrx_word' id='word_1_267' title='bbox 622 2553 698 2616; x_wconf 90' lang='lat' dir='ltr'>qui</span> <span class='ocrx_word' id='word_1_268' title='bbox 713 2567 800 2597; x_wconf 92' lang='lat' dir='ltr'>non</span> <span class='ocrx_word' id='word_1_269' title='bbox 822 2561 1004 2614; x_wconf 87' lang='lat' dir='ltr'>possunt</span> <span class='ocrx_word' id='word_1_270' title='bbox 1019 2551 1097 2597; x_wconf 88' lang='lat' dir='ltr'>ista</span> <span class='ocrx_word' id='word_1_271' title='bbox 1112 2551 1356 2612; x_wconf 73' lang='lat' dir='ltr'>dijudicare</span> <span class='ocrx_word' id='word_1_272' title='bbox 1375 2554 1558 2611; x_wconf 86' lang='lat' dir='ltr'>ratione,</span> 
     </span>
     <span class='ocr_line' id='line_1_34' title="bbox 192 2619 1563 2686; baseline 0.004 -19"><span class='ocrx_word' id='word_1_273' title='bbox 192 2619 278 2667; x_wconf 86' lang='lat' dir='ltr'>fide</span> <span class='ocrx_word' id='word_1_274' title='bbox 302 2621 509 2678; x_wconf 89' lang='lat' dir='ltr'>credant,</span> <span class='ocrx_word' id='word_1_275' title='bbox 548 2621 687 2670; x_wconf 88' lang='lat' dir='ltr'>donec</span> <span class='ocrx_word' id='word_1_276' title='bbox 715 2621 975 2669; x_wconf 81' lang='lat' dir='ltr'>salutaribus</span> <span class='ocrx_word' id='word_1_277' title='bbox 1002 2623 1233 2686; x_wconf 78' lang='lat' dir='ltr'>praeceptis</span> <span class='ocrx_word' id='word_1_278' title='bbox 1263 2624 1563 2673; x_wconf 77' lang='lat' dir='ltr'>adminiculati</span> 
     </span>
    </p>

    <p class='ocr_par' dir='ltr' id='par_1_4' title="bbox 355 2697 1435 2744">
     <span class='ocr_line' id='line_1_35' title="bbox 355 2697 1435 2744; baseline 0.006 -6"><span class='ocrx_word' id='word_1_279' title='bbox 355 2708 497 2740; x_wconf 75' lang='lat' dir='ltr'>cxl-Vl.</span> <span class='ocrx_word' id='word_1_280' title='bbox 1376 2697 1435 2744; x_wconf 78' lang='lat'>25</span> 
     </span>
    </p>
   </div>
  </div>
 </body>
</html>
