1902 3268
627 321 837 354 EPtSTOLA
874 322 1060 353 cxxvau.
1439 304 1529 365 457

155 391 310 448 ritatis,
329 389 403 437 sed
428 399 673 437 commenta
688 387 872 435 humani
887 387 1150 434 detestamur
1163 384 1345 434 erroris:
1368 385 1530 450 quibus

155 461 338 508 sublatis
349 460 588 507 fraternum
610 468 764 523 pectus
788 458 1114 521 amplectimur,
1139 456 1390 504 Christiana
1408 454 1533 500 nobis

155 531 370 578 charitate
407 534 720 591 conjunctum,
755 528 875 593 quod
902 545 1019 575 nunc
1042 527 1238 574 dolemus
1278 525 1537 573 dissensione

156 601 377 648 diabolica
400 611 660 665 separatum.

222 673 304 719 ΙΙΙ.
330 672 497 718 Poterit
519 671 687 736 quippe
699 670 995 734 unusquisque
1017 679 1234 725 nostrum,
1254 666 1432 714 honoris
1456 665 1538 712 sibi

156 743 273 790 socio
290 742 518 806 copulato,
532 743 720 789 vicissim
736 741 880 787 sedere
890 741 1164 795 eminentius,
1181 740 1294 785 sicut
1314 736 1539 801 peregrino

158 812 367 877 episcopo
381 816 503 889 Juxta
531 812 781 858 considente
801 810 978 870 collega.
1010 810 1108 855 Hoc
1129 826 1234 855 cum
1269 807 1442 853 alternis
1459 806 1540 850 Ba-

157 882 290 929 silicis
311 882 526 959 utrinque·
537 881 810 936 conceditur,
836 891 1016 944 melque
1058 879 1114 924 ab
1141 879 1350 924 alte1utro
1376 877 1541 922 honore

157 962 312 999 mutuo
334 951 633 1016 praevenitur:
660 951 764 1015 quia
787 950 865 996 ubi
886 949 1125 1013 praeceptio
1144 947 1369 995 charitatis
1388 945 1541 992 dilata-

159 1023 271 1070 verit
293 1022 445 1078 corda,
473 1021 683 1086 possessio
704 1022 825 1086 pacis
855 1038 944 1067 non
969 1021 1018 1067 fit
1048 1030 1253 1081 angusta;
1278 1029 1326 1065 ut
1354 1034 1440 1064 uno
1467 1033 1540 1062 eo-

159 1110 259 1140 rum
275 1093 503 1149 defuncto,
522 1092 832 1156 deincepsjam
854 1090 1032 1151 singulis
1053 1090 1210 1150 singuli
1226 1089 1411 1153 pristino
1424 1102 1541 1132 more

162 1162 414 1210 succedant.
442 1164 532 1209 Nec
565 1179 731 1208 novum
763 1161 928 1225 aliquid
950 1162 1022 1206 fiet
1045 1178 1055 1206 ε
1088 1178 1188 1206 nam
1207 1159 1294 1206 hoc
1318 1159 1373 1205 ab
1404 1156 1540 1221 ipsius

163 1235 445 1299 separationis
485 1233 678 1290 exordio,
706 1235 750 1279 in
779 1233 837 1279 eis
860 1233 936 1296 qui
964 1231 1171 1278 damnato
1192 1230 1368 1276 nefariae
1389 1227 1545 1274 discis-

164 1306 296 1352 sionis
313 1322 456 1352 errore
483 1305 660 1351 unitatis
686 1303 964 1350 dulcedinem
993 1302 1060 1348 vel
1080 1319 1174 1347 sero
1197 1310 1450 1365 sapuerunt,
1472 1315 1550 1344 ca-

165 1376 332 1424 tholica
353 1376 530 1423 dilectio
552 1375 802 1422 custodivit.
830 1376 916 1421 Aut
940 1374 973 1420 si
994 1373 1103 1420 forte
1130 1372 1370 1418 Christiani
1394 1368 1551 1435 populi

163 1447 343 1508 singulis
378 1446 649 1493 delectantur
672 1445 904 1509 episcopis,
948 1454 989 1490 et
1028 1443 1217 1489 duorum
1244 1441 1511 1488 consortium
1535 1475 1544 1489 .

165 1517 373 1564 inusitata
395 1534 538 1563 rerum
557 1515 667 1562 facie
687 1516 868 1562 tolerare
883 1531 970 1560 non
983 1524 1184 1578 possunt,
1203 1513 1378 1576 utrique
1396 1510 1449 1557 de
1464 1526 1552 1555 me-

167 1587 242 1634 dio
264 1586 533 1642 secedamus,
554 1596 596 1632 et
624 1585 826 1632 Ecclesiis
848 1585 893 1630 in
915 1583 1092 1644 singulis
1114 1582 1320 1629 damnata
1344 1580 1553 1627 schisma·

168 1658 224 1705 tis
238 1675 380 1714 causa,
400 1658 445 1703 in
461 1656 624 1703 unitate
645 1656 832 1720 pacifica
853 1654 1114 1708 constitutis,
1135 1653 1190 1698 ab
1212 1653 1281 1698 his
1304 1651 1380 1716 qui
1397 1649 1552 1710 singuli

170 1729 218 1775 in
243 1728 445 1775 Ecclesiis
477 1727 655 1787 singulis
695 1726 990 1782 invenientur,
1020 1725 1185 1770 unitate
1211 1722 1323 1768 facta
1358 1738 1437 1785 per
1462 1720 1556 1766 loca

171 1799 409 1846 necessaria
432 1797 589 1858 singuli
610 1798 935 1844 constituantur
957 1794 1169 1859 episcopi.
1201 1792 1320 1850 Quid
1338 1792 1453 1837 enim
1476 1790 1555 1836 du-

173 1870 363 1916 bitemus
380 1869 668 1933 Redemptori
694 1885 769 1914 nos
756 1878 840 1913 tro
866 1865 1130 1912 sacrificium
1153 1864 1275 1909 istius
1293 1860 1555 1908 humilitatis

174 1942 356 1988 offerre?
387 1942 450 1987 An
472 1957 571 1987 vero
588 1940 660 1987 ille
673 1939 726 1986 de
740 1938 886 1985 coelis
877 1955 920 1984 tn
943 1937 1139 1983 membra
1161 1936 1356 1981 humana
1381 1932 1557 1978 descen-

176 2011 260 2069 dit,
287 2012 548 2058 utmembra
564 2014 656 2071 eJus
671 2027 879 2066 cssemus3
898 2019 939 2054 ct
960 2025 1055 2063 nos,
1075 2007 1234 2070 neipsa
1257 2008 1347 2065 ejus
1362 2003 1557 2049 membra

177 2081 817 2135 crudelidivisionelanientur,
852 2048 906 2125 de
937 2077 1156 2124 cathedris
1182 2074 1439 2122 descendere
1469 2072 1561 2119 for-

177 2152 424 2200 midamus?
451 2153 639 2216 Propter
677 2169 754 2198 nos
780 2151 892 2197 nihil
917 2148 1227 2204 sufficientius,
1249 2162 1380 2210 quam
1405 2143 1562 2190 Chris-

179 2223 287 2270 tiani
305 2222 451 2270 fideles
465 2233 506 2269 et
519 2222 769 2269 obedientes
795 2239 973 2269 sumus.
1001 2220 1087 2266 hoc
1104 2235 1203 2279 ergo
1224 2233 1393 2279 semper
1411 2215 1557 2260 simus.

184 2293 395 2359 Episcopi
414 2303 557 2339 autem
581 2303 763 2357 propter
785 2292 1058 2338 Christianos
1077 2287 1264 2353 populos
1289 2286 1558 2332 ordinamur.

185 2364 318 2423 Quod
354 2381 455 2426 ergo
483 2363 746 2410 Christianis
773 2363 951 2427 populis
991 2359 1045 2406 ad
1076 2361 1106 2404 t]
1114 2357 1370 2404 hristianam
1408 2371 1564 2432 pacem

183 2435 395 2501 prodest3
434 2425 523 2481 hoc
547 2434 600 2480 de
638 2445 787 2480 nostro
817 2434 1075 2497 episcopatu
1110 2428 1332 2474 faciamus.
1370 2426 1414 2471 Si
1456 2424 1567 2470 servi

185 2507 309 2555 utiles
327 2523 493 2563 summ,
515 2522 595 2552 cur
619 2505 800 2551 Domini
821 2500 1139 2550 aeternislucris
1168 2516 1249 2563 pro
1270 2497 1424 2544 nostris
1452 2507 1565 2541 tem-

187 2577 412 2644 poralibus
437 2576 784 2623 sublimitatibus
810 2573 1081 2621 invidemus.
1071 2574 1090 2602 3
1119 2567 1390 2634 Episcopalis
1418 2566 1565 2627 digni-

190 2660 254 2696 tas
266 2648 531 2696 fructuosior
546 2647 673 2694 nobis
699 2646 779 2693 erit
804 2645 926 2710 (58),
968 2643 1001 2691 si
1034 2658 1205 2704 gregem
1248 2638 1413 2686 Christi
1433 2636 1569 2696 magis
