1902 3268
658 287 872 319 zmsrota
907 287 976 318 cv.
1420 276 1514 325 303

138 372 381 412 commotus
405 373 535 427 atque
568 372 761 408 mutatus
776 362 814 418 ⁴¹,
840 378 923 426 pro
956 360 1134 407 veritate
1155 372 1306 409 contra
1325 381 1513 412 errorem

137 434 328 480 edictum
347 433 593 497 proposuit,
615 443 662 478 ut
688 433 956 496 quicumque
989 432 1346 496 blasphemarent
1371 438 1514 482 Deum

136 505 342 562 Sidrach,
369 504 536 550 Misach
563 514 604 550 et
632 504 885 564 Abdemgo,
910 505 954 550 in
975 504 1200 550 interitum
1219 506 1347 563 irent,
1371 517 1414 552 et
1434 506 1515 553 do-

135 592 233 622 mus
254 591 404 622 eorum
422 575 467 622 in
491 575 805 639 dispersionem
826 591 836 620 :
864 585 906 620 et
924 591 1010 620 non
1032 574 1160 620 vultis
1177 585 1225 621 ut
1243 576 1326 623 tale
1348 576 1514 641 aliquid

136 656 287 693 contra
309 663 385 693 vos
406 643 592 707 jubeant
611 648 898 710 Imperatores
929 645 1188 702 Christiani,
1210 663 1312 693 cum
1329 648 1467 694 sciant
1488 666 1513 696 a

134 717 317 764 vobisin
335 718 408 773 eis,
428 733 538 782 quos
549 718 847 781 rebaptizatis,
868 717 1094 763 Christum
1114 718 1352 764 exsufflari?
1369 719 1414 764 Si
1422 721 1515 779 jus-

131 787 269 834 siones
290 805 440 848 regum
465 804 554 835 non
580 789 800 853 pertinent
821 784 875 834 ad
902 786 1234 851 praedicandam
1259 788 1512 849 religionem

131 870 174 905 et
188 858 407 920 sacrilegia
426 860 726 924 prohibenda,
748 875 885 924 quare
900 859 955 905 ad
976 859 1170 905 edictum
1192 860 1301 921 regis
1326 861 1427 906 talia
1442 865 1515 922 ju-

131 930 275 977 bentis
300 931 429 977 etiam
460 931 544 994 ipsi
565 946 639 977 vos
662 931 868 992 signatis?
894 934 962 976 An
994 931 1202 991 ignoratis
1234 932 1369 978 verba
1405 933 1515 992 regis

133 1017 237 1048 esse.
267 1018 288 1043 c«
316 1001 448 1061 Signa
471 1011 512 1047 et
547 1012 730 1056 ostenta,
765 1017 864 1065 quae
885 1000 992 1047 fecit
1028 1000 1139 1047 mihi
1164 1002 1378 1048 Dominus
1400 1003 1516 1048 Deus

133 1089 155 1113 2>
179 1071 384 1128 excelsus,
421 1071 590 1135 placuit
619 1072 729 1118 mihi
766 1073 810 1117 in
849 1081 1087 1135 conspectu
1128 1088 1224 1117 meo
1256 1073 1516 1120 annuntiare

134 1160 156 1183 >0
173 1157 304 1205 quam
323 1158 531 1202 magnum
556 1153 597 1189 et
618 1153 771 1206 potens
789 1142 842 1188 sit
864 1158 1045 1202 regnum
1068 1145 1178 1202 eju8‚
1197 1159 1378 1203 regnum
1399 1160 1516 1189 sem-

134 1233 155 1254 »
178 1212 400 1276 piternum
424 1224 466 1258 et
488 1223 676 1277 potestas
704 1216 798 1272 ejus
814 1213 859 1258 in
882 1213 1042 1258 saecula
1062 1213 1383 1260 saeculorunfl?
1405 1235 1425 1256 >³
1445 1218 1514 1260 An

135 1298 237 1329 cum
262 1284 350 1330 hoc
369 1283 610 1341 audieritis,
637 1300 725 1330 non
751 1283 1048 1348 respondetis:
1075 1304 1097 1326 c<
1118 1284 1308 1342 Amen&
1331 1307 1352 1327 »
1369 1296 1411 1331 et
1429 1285 1516 1330 hoc

135 1353 253 1401 dicto
272 1355 389 1402 clara
408 1373 516 1402 voce
534 1355 587 1401 ad
613 1356 805 1402 edictum
829 1357 955 1415 regis,
984 1373 1059 1402 vos
1074 1357 1119 1402 in
1139 1368 1287 1403 sancta
1308 1356 1515 1402 solemni-

137 1434 222 1471 tate
241 1425 448 1486 signatis?
474 1425 559 1472 Sed
582 1425 712 1472 modo
731 1426 834 1489 quia
853 1426 966 1471 nihil
985 1427 1103 1490 apud
1124 1428 1412 1491 Imperatores
1430 1445 1515 1491 po-

137 1496 269 1553 testis,
293 1497 420 1543 nobis
438 1496 541 1543 inde
556 1497 688 1543 vultis
707 1497 846 1543 facere
861 1497 1089 1545 invidiam.
1123 1498 1169 1544 Si
1182 1509 1323 1545 autem
1348 1497 1516 1562 aliquid

136 1567 330 1629 possetis,
353 1579 518 1632 quanta
538 1567 757 1627 faceretis;
780 1567 960 1633 quando
987 1568 1102 1615 nihil
1126 1570 1305 1634 potestis
1322 1607 1335 1627 ,
1365 1579 1408 1615 et
1430 1585 1516 1616 non

137 1639 338 1684 cessatis?

203 1708 327 1756 VIII.
354 1709 519 1757 Scitote
535 1710 653 1774 quod
676 1709 807 1773 primi
827 1713 1009 1769 majores
1032 1710 1160 1757 vestri
1180 1727 1355 1758 causam
1373 1709 1520 1757 Caeci-

138 1779 286 1825 ciliani
307 1780 363 1826 ad
382 1780 689 1845 imperatorem
709 1781 1046 1827 Constantinum
1066 1781 1334 1829 detulerunt.
1351 1781 1521 1842 Exigite

138 1849 227 1896 hoc
247 1868 272 1896 a
299 1850 426 1897 nobis
449 1852 687 1916 probemus
720 1851 864 1907 vobiS‚
898 1862 939 1897 et
961 1852 995 1898 si
1024 1869 1113 1898 non
1159 1852 1517 1917 probaverimus,

139 1920 266 1967 facite
287 1921 342 1968 de
363 1923 491 1969 nobis
513 1921 731 1986 quidquid
755 1922 997 1986 potueritis.
1028 1922 1114 1969 Sed
1137 1924 1241 1986 quia
1264 1922 1521 1969 Constanti-

96 2032 99 2041 s
140 2006 222 2037 nus
239 2006 328 2038 non
346 2004 410 2039 est
428 2008 556 2040 ausus
575 1992 628 2039 de
652 2009 782 2039 causa
802 1993 998 2057 episcopi
1014 1993 1233 2053 judicare,
1254 2011 1345 2040 eam
1366 1993 1519 2039 discu-

141 2062 241 2109 dam
257 2074 389 2128 atque
401 2064 637 2111 finiendam
650 2064 866 2128 episcopis
886 2063 1113 2125 delegavit.
1144 2064 1276 2122 Quod
1291 2076 1332 2110 et
1352 2065 1519 2110 factum

141 2134 270 2180 estin
300 2135 408 2181 urbe
439 2137 579 2182 Roma
605 2135 867 2199 praesidente
898 2135 1143 2181 Melclniade
1174 2136 1382 2199 episcopo
1408 2135 1522 2180 illius

144 2204 350 2252 Ecclesiae
367 2223 468 2253 cum
499 2206 648 2252 multis
671 2205 844 2265 collegis
864 2206 964 2253 suis,
994 2206 1082 2262 Qui
1108 2222 1210 2251 cum
1235 2205 1521 2251 Caecilianum

143 2274 416 2322 innocentem
447 2276 819 2340 pronuntiassent,
843 2287 883 2321 et
925 2278 1149 2321 Donatum
1167 2274 1185 2304 t·
1210 2276 1287 2337 qui
1326 2274 1519 2319 schisma

145 2344 401 2405 Carthagini
422 2345 580 2392 fecerat
599 2383 608 2402 ‚
627 2346 834 2391 sententia
859 2346 1185 2409 percussissent,
1212 2345 1371 2389 iterum
1392 2342 1524 2389 vestri

145 2414 200 2460 ad
242 2416 555 2479 Imperatorem
586 2425 813 2471 venerunt,
846 2417 899 2461 de
917 2415 1086 2475 judicio
1123 2414 1450 2477 episcoporum,
1478 2412 1525 2458 in

145 2498 233 2549 quo
252 2485 358 2533 victi
392 2485 580 2543 fuerant,
604 2496 949 2533 murmurarunt.
989 2484 1224 2544 Quomodo
1242 2484 1358 2530 enim
1377 2491 1524 2548 potest

193 2586 204 2609 ¹
219 2589 301 2621 Dan.
319 2599 374 2631 111,
395 2589 454 2630 96.
471 2604 517 2611 -
533 2585 549 2609 ²
565 2586 647 2620 Ibid.
663 2598 719 2628 99.
745 2603 790 2611 ·-
809 2582 823 2608 3
842 2587 880 2618 In
905 2583 1058 2618 Gotlhico
1075 2583 1181 2617 officio
1195 2582 1385 2616 dicebantur
1403 2583 1470 2616 haec
1488 2582 1524 2615 in

145 2641 275 2675 sabbato
292 2649 401 2676 sancto
415 2667 423 2684 ‚
438 2649 469 2676 et
485 2642 747 2688 respondebatur.
768 2644 885 2677 Amen.
905 2655 949 2666 ⁶-
966 2639 981 2665 ⁴
996 2639 1190 2686 Episcopum
1208 2651 1226 2673 a
1250 2639 1330 2672 casis
1345 2638 1454 2681 nigris.
