1902 3268
668 291 882 323 ErlsToLA
915 292 994 323 4:11.
1434 294 1526 344 279

146 363 219 420 jus
252 359 406 406 titulus
439 357 727 405 inscribitur:
760 378 780 398 «
806 359 892 404 Pro
927 358 1205 420 susceptione
1247 361 1479 415 matutina,
1504 382 1524 402 n

150 431 237 476 hoe
257 447 300 476 se
327 431 417 493 ipse
440 430 613 474 nomine
649 429 870 491 appellare
893 428 1114 488 dignatus,
1148 439 1208 473 est
1233 446 1243 474 :
1271 451 1289 470 «
1315 432 1423 490 Ego,
1454 431 1526 477 ἰπὶ-τ

151 521 172 542 »
194 501 305 564 quit,
322 517 414 546 suni
431 500 604 553 vermis,
624 510 666 544 et
687 517 770 544 non
794 500 952 553 homo3
974 500 1263 562 opprobrium
1281 501 1526 557 hominum,

151 591 173 613 >³
189 566 432 631 e'tabjectio
461 569 601 633 plebis
621 569 658 617 ¹.
681 590 701 611 2>
741 570 837 615 Iloc
860 569 1150 632 opprobrium
1176 569 1230 615 de
1251 570 1332 615 illis
1356 586 1529 633 oppro-

150 640 257 686 briis
273 650 351 695 est,
372 640 690 704 quaejubemur
704 656 789 686 non
808 650 995 684 metuere
1013 655 1091 701 per
1110 641 1263 684 Isaiam
1284 639 1525 686 dicentem:

152 732 172 752 «
198 711 454 774 Opprobria
481 711 710 756 hominum
728 709 860 755 nolite
878 709 1110 756 metuere5.
1144 730 1164 749 »
1192 710 1259 754 Ab
1283 710 1363 755 isto
1386 726 1530 756 verme

150 792 358 844 tanquam
381 799 402 827 a
423 781 535 832 tinea
553 780 862 835 comeduntur,
885 780 962 843 qui
979 779 1060 824 sub
1078 782 1167 838 ejus
1186 778 1314 825 dente
1340 796 1529 840 evange-

149 850 235 897 lico
257 868 334 915 per
353 850 542 912 singulos
567 850 658 896 dies
678 850 943 913 paucitatem
968 859 1100 901 suam
1114 848 1357 895 deficiendo
1373 851 1538 900 miran-

153 932 237 969 tur.
267 923 355 967 Nos
374 922 493 968 hune
516 936 816 980 agnoscamus,
839 930 973 983 etpro
987 918 1123 965 salute
1147 919 1314 975 divina,
1339 920 1533 968 humana

153 993 394 1055 opprobria
423 992 695 1037 sufferamus.
739 990 906 1036 Vermis
941 1001 1003 1035 est
1033 999 1214 1053 propter
1241 991 1534 1038 humilitatem

152 1062 318 1115 carnis-‚·
346 1061 535 1115 fortassis
548 1061 675 1107 etiam
694 1072 877 1124 propter
902 1061 1080 1120 virginis
1100 1071 1292 1124 partum.
1319 1061 1428 1107 Nam
1447 1062 1536 1108 hoe

154 1132 314 1178 animal
351 1132 611 1196 plerumque
630 1131 683 1177 de
706 1148 859 1186 carne,
886 1131 953 1177 vel
980 1131 1034 1177 de
1063 1148 1340 1195 quacumque
1365 1149 1408 1178 re
1447 1143 1537 1179 ter-

152 1222 267 1258 rena,
298 1206 388 1255 sine
418 1205 507 1254 ullo
530 1205 775 1251 concubitu
801 1205 1008 1251 nascitur.
1053 1205 1298 1250 Matutinus
1324 1215 1408 1260 est,
1432 1206 1536 1268 quia

153 1274 350 1321 diluculo
381 1275 622 1321 resurrexit.
652 1276 828 1321 Poterat
856 1275 1008 1338 utique
1027 1273 1098 1319 illa
1120 1274 1352 1320 cucurbita
1371 1285 1414 1320 et
1443 1276 1533 1321 sine

155 1360 242 1390 uno
265 1345 504 1391 vermiculo
543 1361 745 1392 arescere.
795 1347 1019 1390 Postremo
1044 1345 1077 1389 si
1113 1344 1307 1390 habebat
1332 1346 1446 1391 Deus
1481 1345 1538 1392 ad

155 1414 242 1461 hoc
257 1432 446 1462 vermem
465 1415 774 1471 necessarium,
794 1415 903 1480 quid
928 1432 1039 1479 opus
1059 1424 1150 1460 erat
1174 1414 1331 1461 addere
1353 1416 1539 1462 matuti-

153 1501 280 1543 num,
320 1485 400 1532 nisi
437 1496 485 1531 ut
517 1485 589 1531 ille
619 1486 776 1531 vermis
800 1495 1120 1547 agnosceretur,
1148 1486 1226 1549 qui
1243 1496 1392 1533 cantat
1409 1507 1430 1536 ‹‚‹
1450 1486 1539 1532 Pro

155 1577 176 1597 »
196 1556 471 1619 susceptione
503 1555 736 1603 matutina.
765 1557 856 1616 Ego
878 1567 1023 1603 autem
1054 1572 1148 1602 sum
1178 1556 1358 1614 vermis,
1381 1567 1424 1603 et
1454 1573 1546 1603 nen

155 1645 176 1667 ›³
196 1625 363 1672 homo?
390 1648 411 1668 »

221 1696 450 1742 XXXVII.
481 1697 600 1753 Quid
627 1699 707 1743 ista
730 1696 964 1760 prophetia
982 1700 1074 1756 jam
1100 1697 1196 1759 ipse
1215 1713 1359 1743 rerum
1378 1697 1539 1744 effectu

154 1775 197 1811 et
233 1766 545 1829 adimpletione
578 1767 799 1813 lucidius?
824 1767 870 1812 si
894 1767 1043 1812 irrisus
1074 1778 1137 1812 est
1164 1768 1320 1813 vermis
1339 1767 1417 1813 iste
1433 1784 1537 1814 cum

155 1836 364 1899 penderet
391 1837 437 1882 in
460 1853 606 1892 cruce,
637 1837 750 1883 sicut
776 1838 821 1882 in
842 1836 994 1883 eodem
1019 1836 1192 1883 Psalmo
1211 1838 1422 1902 seriptum
1440 1848 1504 1884 est
1523 1856 1534 1883 ι

156 1906 355 1952 «Locuti
377 1917 478 1959 sunt
502 1907 657 1964 labiis,
704 1917 746 1952 et
781 1918 1009 1954 moverunt
1054 1919 1221 1972 caput:
1260 1909 1461 1972 Speravit
1493 1909 1540 1955 in

157 1997 179 2018 »
198 1977 335 2022 Deum
353 2013 363 2032 ‚
389 1987 511 2023 eruat
542 1994 666 2033 eum,
698 1977 867 2023 salvum
899 1977 1034 2023 faeiat
1067 1994 1166 2023 eum
1185 2014 1195 2033 ,
1215 1979 1423 2041 quoniam
1445 1978 1542 2034 -vult

157 2068 178 2090 »2
196 2064 296 2093 eum
315 2046 335 2081 ³
355 2065 366 2094 ε
385 2069 406 2090 »
423 2065 525 2094 cum
541 2047 760 2111 completa
789 2058 890 2094 sunt
918 2064 1020 2112 quae
1054 2047 1117 2093 ihi
1142 2048 1376 2112 praedixit:
1401 2070 1422 2090 «
1455 2050 1543 2095 Fo-

157 2118 354 2165 »derunt
391 2136 542 2165 manus
569 2136 685 2165 meas
709 2129 751 2166 et
775 2119 939 2183 pedes,
971 2119 1359 2166 dinumeraverunt
1395 2120 1544 2166 onmia

159 2209 181 2230 ι)
200 2205 292 2234 ossa
327 2206 451 2235 meat
474 2189 564 2252 Ipsi
593 2206 693 2234 vero
725 2189 1130 2245 consideraverunt,
1158 2199 1200 2234 et
1222 2201 1541 2253 conspexerunt

160 2278 283 2317 »me,
313 2260 556 2310 diviserunt
591 2260 673 2305 sibi
710 2260 963 2306 vestimenta
992 2277 1084 2305 mea
1103 2297 1114 2315 ,
1142 2270 1185 2305 et
1219 2277 1350 2324 super
1384 2270 1545 2307 vestem

159 2350 182 2372 »
200 2347 336 2381 meam
366 2331 573 2376 miserunt
600 2340 756 2375 sortem
776 2329 795 2358 ί*
820 2348 831 2375 ε
852 2353 870 2372 »
891 2330 1012 2394 quod
1056 2341 1174 2376 tanta
1203 2331 1546 2378 manifestatione

157 2400 354 2447 futurum
374 2401 420 2447 in
457 2401 572 2447 lib1o
594 2401 774 2464 antiquo
795 2402 1106 2465 prophetatur,
1147 2412 1313 2465 quanta
1338 2404 1545 2450 manifes-

158 2472 323 2521 tatione
336 2472 502 2526 factum
531 2472 576 2518 in
596 2488 710 2519 novo
734 2471 966 2533 Evangelio
989 2471 1212 2519 recitatur.
1236 2472 1323 2518 Sed
1337 2474 1371 2520 si
1391 2474 1434 2520 in
1456 2474 1543 2532 hac

159 2540 436 2601 humilitate,
476 2553 524 2589 ut
546 2541 691 2597 dicere
710 2558 952 2606 coeperam,
991 2541 1067 2598 isle
1093 2542 1253 2599 {termis
1277 2543 1427 2603 isrisus
1457 2554 1539 2601 est,

209 2623 223 2648 ⁸
240 2626 325 2662 Psai.
341 2637 408 2664 ur,
431 2638 462 2667 ¹7³
480 2624 704 2669 —215a3.1.1,
721 2636 754 2666 7.
774 2622 847 2650 -ὓ
868 2625 953 2658 Psal.
972 2635 1040 2661 xxx.
1059 2625 1091 2657 8„
1109 2642 1151 2649 —
1172 2622 1186 2653 ,4
1208 2625 1292 2658 ibid,
1308 2637 1363 2665 η,
