1902 3268
651 301 1008 336 ΑΝΝοΤΑΤιοΝΕε.
1428 292 1519 359 547

151 367 204 415 de
243 366 622 419 benedictionibus
653 368 1046 427 patriarcharum,
1086 388 1214 435 quem
1261 373 1433 421 circiter
1477 375 1523 422 id

153 449 323 502 tempus
345 438 562 502 scripsisse
589 438 764 485 videtur
785 477 795 496 ‚
821 456 907 486 non
931 443 1188 506 episcopum
1211 481 1222 500 ‚
1246 443 1319 490 sed
1346 443 1525 492 fratrem

150 509 296 572 ipsum
325 509 534 573 appellat.
570 510 786 574 Deinceps
817 528 918 557 vero
942 513 1174 577 episcopus
1205 514 1260 560 ab
1282 515 1526 575 Augustino

152 578 332 635 dicitur,
363 579 406 624 in
440 579 634 642 Epistola
671 583 767 643 1-40·
794 582 955 645 scripta
981 600 1126 630 versus
1163 602 1230 631 an.
1270 587 1371 641 413.
1413 598 1454 632 et
1485 588 1529 633 in

151 650 231 698 lib.
258 667 294 697 ι.
315 650 369 696 de
389 650 576 698 Civitate
590 653 776 715 Deicap.
815 671 876 700 10.
897 655 972 699 ubi
995 654 1048 700 de
1063 657 1277 715 reagitur²
1301 674 1401 720 quae
1418 676 1532 705 anno

154 722 263 777 410.
298 723 496 781 contigit.

503 879 758 909 ANNorA‘rro
795 867 895 920 (34)
929 882 1029 927 pag.
1073 883 1178 913 222.

223 1011 445 1057 Possidius
468 1011 732 1056 Calamensis
755 1012 984 1076 episcopus
1007 1025 1179 1061 acturus
1197 1031 1370 1062 causam
1390 1016 1534 1064 eccle-

157 1083 231 1129 siae
248 1096 355 1137 suae,
378 1096 480 1146 quae
498 1081 756 1145 expilatione
774 1120 784 1138 ,
806 1083 1004 1130 incendia
1023 1123 1032 1140 ‚
1055 1084 1194 1131 caedes
1218 1104 1422 1151 perpessa
1444 1100 1536 1135 erat

160 1153 375 1217 apaganis
390 1152 719 1198 calamensibus
738 1189 748 1209 ,
770 1153 833 1198 uti
854 1152 1011 1200 docent
1042 1155 1249 1218 Epistolae
1268 1175 1295 1220 ς)
1310 1174 1343 1204 ι.
1369 1169 1410 1205 et
1431 1160 1534 1216 104.

158 1223 377 1284 navigavit
408 1222 463 1269 ad
492 1224 804 1286 Imperatorem
828 1262 837 1279 ‚
875 1242 921 1269 cx
954 1225 1102 1271 cadem
1132 1227 1272 1290 Epist.
1314 1231 1411 1287 104.
1454 1229 1538 1276 sub

159 1296 288 1341 finem
313 1294 519 1340 videlicet
543 1295 644 1339 anni
678 1297 784 1350 408.
825 1296 944 1359 (quo
976 1314 1090 1343 anno
1116 1298 1268 1344 seditio
1298 1298 1372 1345 illa
1402 1301 1540 1348 conti-

161 1367 268 1426 gisse
293 1365 491 1427 videtur)
515 1381 587 1412 seu
618 1366 742 1411 initio
771 1368 878 1429 409.
920 1368 1278 1432 quandoquidem
1306 1369 1375 1416 his
1400 1370 1540 1418 dubio

161 1436 318 1501 procul
354 1436 546 1499 perlator
578 1436 707 1481 fuerit
733 1437 939 1499 Epistolae
968 1438 1099 1498 hujus
1127 1440 1202 1502 95.
1231 1440 1283 1486 acl
1306 1441 1542 1488 Paulinum

163 1508 340 1570 scriptae
363 1507 645 1566 Carthagine,
667 1524 767 1553 cum
784 1508 845 1552 ibi
869 1508 1090 1570 hyemaret
1115 1511 1398 1570 Augustinus,
1417 1516 1542 1573 Juxta

165 1579 305 1642 Epist.
342 1595 444 1624 121.

518 1725 774 1756 ANNOTATro
813 1711 911 1772 (35)
948 1729 1045 1774 pag.
1090 1714 1195 1770 234.

231 1847 472 1894 Restitutus
494 1846 700 1892 nimirum
724 1856 765 1892 et
793 1846 1034 1893 Florentius
1055 1849 1274 1914 episcopi,
1299 1867 1346 1898 ex
1369 1852 1543 1902 decreto

168 1919 342 1965 concilii
371 1918 635 1978 Carthagine
664 1918 806 1963 habiti
835 1919 887 1963 13
913 1919 1101 1977 Octob„
1126 1937 1195 1969 an.
1223 1923 1336 1980 408,
1359 1921 1544 1986 legatio-

168 2008 264 2036 nem
289 1989 340 2035 ad
361 1990 671 2053 Imperatorem
690 2000 973 2052 susceperunt
998 2001 1148 2037 contra
1168 2010 1360 2055 paganos
1379 2006 1420 2042 et
1443 1997 1544 2043 hae-

169 2060 347 2115 reticos,
376 2071 423 2105 ut
440 2059 585 2105 videre
611 2060 732 2105 estin
753 2059 937 2105 concilio
951 2059 1178 2119 Africano,
1200 2080 1238 2109 c.
1267 2065 1341 2129 73.

530 2212 788 2242 ANNOTA'rro
825 2198 924 2257 (3(ὶῆ
961 2215 1057 2259 pag.
1105 2198 1209 2243 ¹235.

236 2339 508 2387 Bonifacium
530 2338 651 2383 hunc
672 2375 681 2390 ,
715 2337 951 2400 praeditum
978 2354 1022 2381 ea
1054 2337 1282 2397 religione,
1306 2351 1354 2387 ut
1378 2342 1554 2391 solere!

173 2415 483 2460 vehementer
502 2426 664 2454 (favere
683 2410 1006 2463 122e11(l(1‹·z'mn‚
1031 2409 1093 2454 uti
1119 2408 1282 2456 dicitur
1298 2412 1408 2459 infra
1427 2433 1470 2463 n.
1501 2435 1547 2482 7,

174 2483 297 2532 haud
319 2481 535 2529 immerito
554 2478 786 2526 credideris
807 2496 894 2523 osse
921 2479 1043 2524 iHum
1069 2479 1211 2543 ipsum
1238 2481 1553 2548 Cataquensem

174 2556 457 2620 episcopum,
502 2551 577 2615 qui
608 2567 729 2610 agros
763 2568 784 2595 a
811 2550 1126 2612 praedecessore
1161 2568 1238 2598 suo
1275 2571 1375 2600 cum
1410 2556 1555 2621 aliqua

176 2626 266 2673 fisci
279 2623 429 2672 fraude
444 2632 718 2686 comparatos
737 2620 964 2679 Ecclesiae‚
988 2621 1204 2685 suscipere
1222 2640 1317 2687 prae
1328 2628 1556 2674 conscien-

1351 2698 1424 2749 35.
