1902 3268
324 296 418 354 ,446
730 310 766 340 5.
809 310 1054 342 AUGUSTINI
1087 310 1288 342 EPISGOPI

325 376 424 425 dico
457 377 585 423 talem
614 376 782 432 virum,
814 376 887 421 sed
921 375 1162 439 quemlibet
1184 375 1408 421 hominem
1437 376 1498 423 sic
1522 386 1696 423 teneret

324 460 404 495 nec
432 447 513 512 ipsi
539 446 665 492 aliam
701 446 1040 508 expectationem
1067 463 1109 490 se
1134 445 1338 492 habuisse
1371 446 1697 510 probaverunt,

324 520 400 585 qui
425 518 644 565 audientes
672 516 791 581 quod
822 516 1041 562 rediturus
1066 517 1313 562 abscesserit
1345 517 1547 577 gratulati
1573 528 1698 574 sunt,

323 608 402 637 1166
423 588 543 635 aliud
562 586 645 634 illis
668 604 793 632 verax
819 587 983 647 juratio
1003 587 1132 633 debet
1148 625 1158 644 7
1184 604 1316 649 quam
1337 587 1381 632 id
1407 588 1525 651 quod
1549 589 1603 633 ab
1629 588 1704 634 illa

320 669 672 724 expectaverunt.
706 658 824 715 Quid
857 669 918 704 est
942 671 1085 703 autem
1112 656 1233 722 quod
1258 657 1437 714 dieitur⁵
1462 675 1561 704 611111
1578 662 1705 718 jura-

323 732 438 778 tione
465 748 537 777 ore
569 746 645 776 suo
680 746 898 792 expressa,
923 728 1217 792 exceptionem
1241 727 1388 774 fecisse
1412 729 1704 775 necessitatis?

326 803 460 861 Quasi
487 819 574 848 non
594 819 666 847 ore
691 818 767 847 suo
787 801 874 847 hoc
899 818 1071 847 rursum
1090 800 1266 860 jusserit
1286 800 1460 847 auferri.
1492 802 1618 847 Certe
1650 799 1706 846 ad

325 874 544 940 populum
573 872 749 936 quando
774 873 866 936 ipse
894 873 1066 919 locutus
1099 883 1161 918 651
1179 909 1190 929 ,
1219 883 1324 918 tunc
1354 872 1485 918 etiam
1508 871 1704 935 interpo-

325 955 469 1000 neret,
505 943 684 1007 quodsi
716 942 883 989 fecisset
915 961 1005 989 11011
1042 943 1194 1006 utique
1227 944 1577 1007 responderetur,
1616 943 1707 988 Deo

326 1016 509 1077 gratia53
535 1013 608 1060 sed
629 1013 681 1059 ad
703 1013 820 1058 illam
843 1014 1418 1060 redireturreclamationem
1436 1049 1446 1069 ‚
1474 1030 1576 1079 quae
1592 1013 1707 1059 13613

323 1085 465 1133 fuerat
491 1083 668 1149 quando
689 1083 749 1129 sic
775 1102 796 1129 3
824 1084 1010 1130 (11360110
1038 1084 1271 1130 recitatum
1301 1095 1376 1130 est.
1410 1085 1464 1129 Et
1490 1083 1706 1147 numquid

327 1156 382 1203 ad
406 1173 495 1202 rem
515 1155 707 1219 pertinet
729 1153 816 1200 sive
832 1154 1085 1217 interposita
1099 1154 1153 1199 sit
1176 1154 1231 1200 ad
1255 1154 1545 1199 recedendum
1567 1170 1708 1199 neces·

325 1226 461 1273 sitatis
478 1225 720 1280 excusatio,
744 1224 832 1271 sive
858 1242 947 1271 non
971 1225 1053 1270 sit?
1080 1224 1203 1271 Nihil
1228 1225 1284 1270 311
1313 1224 1389 1270 1110
1410 1224 1529 1270 aliud
1551 1240 1710 1287 expec-

326 1308 465 1345 tatum
491 1305 577 1352 est,
602 1312 738 1360 quam
757 1294 803 1341 id
820 1295 939 1359 quod
962 1312 1095 1359 supra
1116 1295 1317 1342 diximus.
1353 1295 1710 1359 Expectationem

328 1379 470 1416 autem
503 1384 683 1424 eorum,
716 1366 881 1430 quibus
905 1370 1096 1427 juratur,
1119 1366 1318 1431 quisquis
1342 1365 1586 1430 deceperit,
1623 1382 1711 1412 non

328 1451 471 1504 potest
486 1456 572 1485 esse
589 1455 678 1484 non
700 1441 913 1501 perjurus.
978 1448 980 1459 ’

395 1510 514 1557 XIV.
548 1509 644 1554 Fiat
663 1525 763 1568 ergo
796 1507 916 1571 quod
946 1508 1208 1572 promissum
1248 1519 1336 1564 651,
1359 1518 1404 1553 >et
1434 1508 1711 1553 infirmorum

331 1582 463 1630 corda
486 1591 706 1637 sanentur,
732 1597 785 1624 ne
818 1590 938 1624 tanto
973 1580 1169 1643 exemplo
1194 1580 1357 1643 quibus
1388 1579 1474 1624 hoc
1498 1577 1712 1641 placuerit

333 1654 388 1701 ad
403 1651 665 1700 imitandum
684 1651 924 1714 perjurium
950 1651 1226 1697 aedificentur
1246 1668 1256 1696 :
1282 1651 1446 1714 quibus
1464 1660 1604 1696 autem
1618 1649 1711 1695 dis-

329 1725 464 1790 plicet
480 1762 489 1780 ‚
505 1723 739 1785 justissime
767 1721 936 1779 dicant,
962 1722 1070 1768 nulli
1093 1733 1290 1768 nostrum
1312 1721 1576 1767 credendum
1595 1737 1681 1766 esse
1696 1757 1707 1777 ,

331 1814 418 1844 non
441 1795 580 1842 solum
609 1792 883 1857 promittenti
909 1793 1098 1857 aliquid,
1128 1794 1201 1839 setl
1227 1794 1355 1839 6113111
1374 1792 1557 1853 juranti.
1595 1791 1711 1841 Hinc

332 1868 447 1915 enim
473 1866 618 1931 potius
636 1864 843 1911 cavendae
862 1876 961 1911 sunt
979 1866 1142 1925 linguae
1161 1865 1463 1921 inimicorum,
1479 1864 1532 1909 de
1549 1863 1712 1926 quibus

332 1950 542 2002 tanquam
563 1935 721 1996 jaculis
748 1935 803 1980 ad
830 1936 1156 1982 interficientis
1181 1937 1374 1982 infirmos
1401 1939 1540 1995 major
1575 1933 1713 1980 utitur

334 2010 406 2057 ille
426 2009 641 2056 inimicus.
675 2005 759 2051 Sed
780 2006 892 2052 absit
918 2018 966 2052 ut
997 2007 1050 2052 de
1089 2008 1160 2052 1311
1187 2007 1326 2053 anima
1349 2022 1568 2069 speremus
1592 2003 1711 2049 aliud

334 2098 467 2145 quam
487 2078 606 2144 quod
628 2078 704 2123 Dei
731 2077 858 2123 timor
881 2078 1087 2142 inspirat,
1104 2090 1145 2124 et
1175 2090 1310 2134 tanta,
1337 2095 1436 2142 quae
1460 2076 1594 2123 1111113
1619 2086 1681 2120 est
1697 2079 1721 2131 ,⁴

334 2150 580 2199 excellentia
613 2149 853 2194 sanctitatis
874 2149 1088 2197 hortatur.
1130 2152 1221 2210 Ego
1247 2161 1389 2196 autem
1410 2186 1420 2205 ‚
1451 2165 1581 2212 quem
1603 2146 1712 2192 dicis

332 2223 460 2270 etiam
484 2220 720 2286 probibere
742 2220 940 2266 debuisse
957 2258 967 2277 ,
990 2221 1126 2267 fateor
1144 2239 1232 2267 non
1252 2221 1375 2285 potui
1395 2220 1455 2265 sic
1474 2235 1640 2282 sapere,
1665 2227 1713 2265 ut

332 2305 454 2340 tanto
474 2292 540 2339 vel
566 2290 760 2337 tumultu
786 2291 852 2337 vel
871 2292 1105 2338 offensione
1125 2293 1260 2352 magis
1285 2292 1416 2338 everti
1443 2290 1596 2337 vellem
1623 2290 1711 2334 Ec-

335 2365 505 2413 clesiam
521 2362 592 2409 cui
616 2363 752 2409 servio
769 2400 779 2418 ‚
800 2380 931 2427 quam
952 2363 994 2410 id
1016 2364 1136 2428 quod
1164 2383 1187 2410 a
1209 2363 1281 2410 tali
1305 2364 1396 2409 viro
1414 2362 1540 2409 nobis
1558 2361 1710 2408 offere-

334 2432 467 2487 batur
480 2472 494 2494 ,
523 2432 733 2496 accipere.
