1902 3268
355 264 446 312 236
762 283 795 311 s.
840 280 1083 312 Aucus'rim
1119 282 1321 314 Eptscom

352 344 614 409 colo‚quo(l
650 356 837 406 egestosa
868 346 955 391 vita
992 358 1199 395 aeternam
1241 351 1383 413 pariat
1418 353 1720 403 calamitatem.

353 416 462 462 Nam
490 434 566 462 nec
603 433 790 478 unquam
815 428 1045 479 peccatum
1069 431 1128 464 est
1152 421 1366 468 laboriosa
1398 435 1632 487 paupertas
1649 462 1659 482 ‚
1685 436 1728 472 et

348 498 411 532 est
439 487 657 549 aliquanta
688 487 900 531 restrictio
929 498 971 533 et
1000 491 1209 536 coercitio
1233 505 1529 554 peccatorum.
1565 500 1625 542 Ac
1648 514 1728 560 per

349 556 435 602 hoc
463 574 550 601 nou
582 568 642 602 est
663 557 942 603 metuendum
970 576 1021 602 ne
1052 560 1255 622 cuiquam
1293 575 1390 625 post
1413 565 1526 611 lianc
1549 568 1727 613 brevem

347 627 480 672 vitam
497 662 508 681 ‚
531 627 616 672 hoc
641 626 695 672 ad
719 637 926 672 aeternam
949 628 1256 676 valeatanimae
1272 632 1587 690 calamitatem,
1605 636 1728 698 quod

347 714 516 761 pauper
541 698 616 743 hic
637 697 812 753 vixerit,
841 708 881 743 et
918 698 959 743 in
982 698 1066 744 hac
1087 699 1178 762 ipsa
1200 737 1210 756 ‚
1238 718 1369 764 quam
1391 704 1436 749 in
1460 705 1578 751 terris
1603 707 1728 766 degi-

347 784 445 815 mus
460 804 471 823 ,
495 767 617 813 nullo
641 767 771 813 modo
790 768 876 813 ulla
896 769 1123 815 calamitas
1141 781 1302 817 aeteriia
1321 790 1406 819 esse
1423 776 1603 837 poterin
1624 793 1727 822 cum

346 838 496 885 eadem
524 839 611 885 vita
628 850 789 885 aeterna
809 856 894 884 esse
918 856 1005 884 non
1031 841 1194 902 possit,
1223 859 1323 905 quae
1350 861 1429 890 nec
1449 845 1597 891 saltem
1623 846 1728 892 (liu-

348 920 477 955 turua
491 947 501 964 ‚
523 920 585 956 est
608 910 662 955 ad
682 909 924 973 quamlibet
943 921 1113 956 aetatem
1133 948 1143 967 ,
1164 925 1513 980 senectutemque
1529 954 1539 973 ‚
1569 934 1726 981 perve-

349 982 478 1028 nerit.
510 982 606 1026 Hoc
624 981 736 1026 enim
762 981 907 1044 potius
932 981 975 1026 in
996 981 1080 1028 illis
1098 982 1249 1031 litteris
1268 985 1349 1046 tegi
1366 1023 1377 1042 ‚
1405 988 1613 1050 quoniam
1639 988 1726 1035 vita

346 1050 441 1114 ipsa
460 1089 471 1104 ‚
497 1069 583 1115 qua
619 1052 824 1105 fruimur,
854 1052 995 1096 brevis
1029 1064 1090 1098 cst
1108 1090 1117 1108 ‚
1145 1055 1189 1100 in
1212 1073 1295 1119 qua
1325 1069 1371 1103 tu
1399 1060 1646 1114 arbitram,
1686 1070 1727 1106 et

346 1123 668 1186 frequentatum
698 1116 920 1167 in‘liueris
941 1126 1032 1182 jam
1061 1142 1232 1181 mones,
1260 1139 1464 1174 {eternam
1496 1148 1581 1175 esse
1606 1147 1727 1193 posse

347 1193 872 1239 calamitatem:mortem
900 1204 1043 1238 autem
1086 1195 1300 1242 malorum
1330 1200 1525 1245 omnium
1561 1217 1647 1246 esse
1671 1201 1725 1246 sl-
1769 1244 1771 1246 ,

347 1281 445 1309 nem
462 1301 473 1320 ‚
493 1263 655 1309 habent
671 1262 846 1327 quidem
864 1274 1016 1310 vestrae
1035 1265 1193 1312 litterae
1212 1303 1222 1318 ,
1246 1269 1317 1314 sed
1336 1287 1414 1316 nec
1432 1271 1522 1334 ipse
1546 1287 1694 1318 omnes
1710 1307 1722 1328 ,

348 1335 665 1398 Epicureorum
684 1345 743 1380 est
764 1335 931 1398 quippe
948 1336 1027 1381 ista
1049 1339 1258 1385 sententia
1274 1377 1285 1394 ‚
1310 1341 1403 1386 etsi
1423 1342 1498 1405 qui
1521 1342 1591 1388 alii
1611 1359 1727 1388 mor-

346 1407 476 1452 talem
501 1408 690 1452 animam
718 1417 889 1470 putant.
924 1409 977 1453 At
999 1407 1062 1453 illi
1087 1426 1196 1472 quos
1217 1412 1384 1457 Tullius
1416 1414 1538 1476 quasi
1564 1430 1725 1459 consu-

345 1475 455 1522 lares
480 1477 769 1540 philosophos
797 1476 1014 1539 appellat,
1055 1479 1175 1542 quod
1202 1498 1349 1527 eorum
1381 1484 1525 1542 magni
1560 1483 1726 1546 pendat

347 1548 647 1593 auctoritatem
665 1584 675 1604 ,
707 1548 915 1610 quoniam
941 1564 1042 1593 cum
1072 1560 1307 1597 extremum
1340 1552 1452 1598 diem
1478 1552 1720 1613 fungimur,

345 1634 433 1663 non
457 1619 647 1678 extingui
670 1619 857 1663 animam
871 1654 881 1673 ‚
902 1618 975 1663 sed
990 1621 1200 1679 emigrare
1219 1633 1421 1678 censent,
1439 1633 1481 1668 et
1507 1635 1553 1668 ut
1573 1624 1725 1669 merita

345 1705 522 1752 quoque
540 1693 576 1750 ej
586 1707 632 1735 us
649 1700 843 1735 asserunt
856 1706 929 1735 seu
945 1690 1062 1736 bona
1077 1727 1090 1747 ‚
1117 1708 1190 1737 seu
1210 1693 1322 1738 mala
1336 1730 1347 1749 ‚
1371 1694 1436 1739 vel
1452 1694 1507 1740 ad
1527 1694 1722 1740 beatitud

343 1760 490 1806 dinem
506 1797 517 1816 ,
539 1761 607 1807 vel
632 1760 686 1806 ad
711 1760 923 1806 miseriam
943 1779 1209 1824 permanere.
1236 1764 1334 1810 Hoc
1351 1767 1550 1824 congruit
1572 1775 1615 1810 et
1634 1764 1724 1810 Lit-

346 1832 447 1877 teris
483 1832 640 1888 sacris,
679 1848 868 1895 quarum
899 1849 968 1877 me
1005 1833 1138 1896 cupio
1172 1833 1470 1883 litteratorem.
1503 1835 1723 1881 Malorum

346 1919 447 1962 ergo
470 1903 567 1949 finis
586 1913 649 1949 est
667 1920 805 1958 mors,
826 1902 898 1948 sed
918 1902 963 1948 in
982 1903 1040 1949 eis
1060 1921 1246 1967 quorum
1271 1918 1407 1956 casta,
1432 1906 1506 1970 pia
1524 1943 1536 1962 ‚
1557 1905 1719 1961 fidelis,

344 1972 552 2019 innocens
587 1974 673 2019 vita
692 2010 702 2029 ,
730 1990 818 2018 non
843 1973 887 2018 in
911 1974 969 2018 eis
999 1975 1076 2036 qui
1105 1976 1410 2038 temporalium
1435 1993 1648 2036 nugarum
1682 1985 1724 2022 et

345 2044 586 2089 vanitatum
610 2043 855 2107 cupiditate
891 2044 1146 2103 flagrantes,
1180 2057 1220 2091 et
1244 2064 1344 2092 cum
1369 2047 1443 2092 hic
1467 2047 1550 2092 sibi
1579 2045 1723 2092 felices

346 2113 575 2169 videntur,
602 2114 697 2177 ipsa
721 2114 956 2160 voluntatis
974 2116 1188 2178 pravitate
1215 2117 1356 2162 miseri
1376 2117 1718 2173 convincuntur,

346 2195 387 2230 et
419 2195 517 2248 post
549 2196 734 2230 mortem
768 2186 984 2244 graviores
1016 2186 1205 2232 miserias
1230 2205 1318 2233 non
1339 2188 1499 2234 habere
1523 2197 1717 2243 tantum,

344 2267 627 2301 verumeuam
655 2266 813 2301 sentire
836 2267 1068 2315 coguntur.

408 2326 484 2373 lV.
513 2327 621 2372 Haec
643 2343 744 2385 ergo
769 2343 869 2371 cum
891 2337 931 2371 et
952 2328 1099 2372 vestris
1123 2329 1383 2391 quibus-(lam
1402 2365 1412 2376 .
1445 2344 1552 2390 quas
1572 2326 1718 2371 liono-

342 2396 525 2442 rabilius
538 2396 728 2452 habetis,
742 2408 782 2442 et
801 2398 955 2442 nostris
970 2400 1174 2443 omuibus
1186 2399 1357 2444 Litteris
1372 2399 1714 2461 frequentei'itur‚

338 2485 364 2512 o
388 2467 502 2512 bone
533 2467 716 2512 dilector
740 2468 865 2512 etiam
903 2478 1083 2514 terrenae
1122 2470 1276 2531 patriae
1299 2481 1410 2523 tuae,
1453 2467 1716 2512 luxuriosam

339 2538 474 2583 vitam
493 2537 596 2582 time
614 2537 785 2582 civibus
801 2538 883 2583 tuis
902 2575 912 2591 ‚
937 2555 1025 2583 non
1043 2550 1276 2597 egestosam
1298 2557 1307 2584 :
1339 2549 1413 2585 aut
1436 2538 1467 2583 si
1483 2545 1715 2596 egestosam

336 2610 486 2664 times,
522 2606 642 2652 illam
669 2607 818 2669 potius
849 2618 1079 2666 egestatem
1115 2625 1245 2655 mone
1269 2606 1575 2661 devitandam,
1616 2619 1717 2668 quae
