1902 3268
664 270 873 300 izrlsrom
916 268 1044 297 xcm.
1455 254 1546 297 333

172 338 332 398 gamini
371 337 600 384 oll'cnderc.
642 336 816 382 Jactant
856 334 968 379 enim
1001 333 1293 397 prfflccdcntia
1329 334 1443 379 circa
1476 351 1550 381 Vos

171 408 321 454 merita
352 424 449 463 sua,
480 407 852 459 demonstrantes,
885 416 926 450 et
961 415 1260 449 enumerantes
1295 414 1393 448 ante
1424 404 1550 448 istam

170 477 304 538 legem
338 478 464 542 (48),
501 494 588 542 qua
631 476 826 536 gaudetis
860 476 984 522 vobis
1022 474 1237 520 redditam
1277 473 1550 529 libertatem,

169 547 290 612 quod
316 548 411 595 loca
436 559 476 595 et
493 548 695 594 basilicas
721 566 795 611 per
819 565 890 593 cos
918 546 1160 610 presbyteri
1193 545 1346 601 vestri,
1378 545 1556 590 vastatis

171 619 326 664 nostris
352 617 591 681 fugatisque
612 628 841 663 tenuerunt
861 655 871 673 ‚
896 627 943 662 ut
968 617 1000 661 si
1031 623 1076 660 'in
1114 632 1184 661 eos
1217 615 1438 661 volueritis
1470 631 1556 660 esse

174 688 330 744 severi,
352 688 576 734 benefieiis
592 704 739 733 eorum
767 687 1012 750 appareatis
1036 686 1206 744 ingrati.

240 759 360 805 XIX.
395 759 578 818 Fugitur
607 758 774 807 unitas,
805 768 854 802 ut
884 756 1154 819 quicumque
1186 754 1306 817 apud
1338 771 1413 799 uos
1450 754 1558 798 ferre

176 827 511 874 detrectaverint
537 827 816 891 disciplinam
838 864 849 883 ‚
880 825 933 872 ad
960 825 1057 871 illos
1072 825 1242 885 fugiant
1267 823 1554 880 defendendi,

179 909 227 944 ut
249 899 372 944 vobis
396 900 634 944 offerantur
654 896 978 960 rebaptizandi,
1007 896 1131 941 Sicut
1151 896 1228 941 iste
1252 895 1305 940 de
1333 912 1434 954 agro
1449 895 1559 940 sub-

180 968 389 1014 diaconus
413 969 694 1014 Rusticianus
718 1004 729 1023 ‚
770 972 896 1027 qu'us
922 983 1052 1012 causa
1086 966 1184 1012 haec
1220 965 1274 1010 ad
1304 976 1343 1011 te
1373 966 1561 1011 scribere

181 1055 336 1098 magno
360 1055 454 1084 sum
474 1037 626 1084 dolore
649 1054 698 1083 ac
717 1037 871 1083 timore
897 1035 1173 1100 compulsus,
1200 1047 1383 1099 propter
1405 1052 1561 1098 repro-

180 1107 260 1154 bos
280 1120 322 1154 et
338 1125 563 1172 perversos
581 1125 720 1154 mores
737 1108 1136 1153 excommunicatus
1155 1125 1177 1152 a
1195 1108 1450 1170 presbytero
1465 1123 1560 1162 su0,

184 1178 424 1224 multorum
449 1179 577 1225 etiam
596 1179 642 1225 in
665 1178 739 1224 illa
759 1180 933 1238 regione
956 1178 1131 1224 debitor
1153 1177 1294 1223 factus
1313 1214 1323 1230 ‚
1346 1188 1388 1222 et
1412 1187 1563 1222 contra

183 1250 524 1298 ecclesiasticum
549 1251 741 1311 vigorem
760 1287 770 1306 ,
792 1261 833 1296 et
853 1261 1006 1296 contra
1030 1249 1277 1295 conditores
1299 1266 1398 1295 suos
1413 1286 1424 1305 ‚
1449 1247 1564 1294 aliud

183 1321 442 1384 praesidium
462 1339 548 1368 non
565 1321 784 1385 quaesivit,
807 1321 887 1367 nisi
906 1331 953 1366 ut
972 1321 1049 1366 abs
1074 1331 1112 1365 te
1128 1321 1284 1366 iterum
1298 1320 1565 1383 plagaretur,

186 1402 227 1436 et
248 1392 303 1436 ab
321 1393 425 1455 ipsis
451 1392 576 1456 quasi
600 1391 913 1438 mundissimus
938 1401 1170 1437 amaretur.
1197 1395 1292 1436 Jam
1314 1390 1442 1435 talem
1468 1390 1567 1435 dia-

187 1477 350 1507 conum
372 1472 569 1508 nostrum
587 1499 597 1514 ,
633 1472 675 1508 et
708 1462 853 1524 ipsum
886 1480 907 1506 a
932 1478 1010 1507 suo
1042 1461 1296 1524 presbytero
1319 1476 1572 1505 excommu-

190 1532 404 1589 nicatum,
428 1533 623 1579 decessor
640 1532 657 1562 1
682 1544 781 1578 tuus
808 1533 1125 1595 rebaptizavit,
1150 1542 1191 1577 et
1215 1542 1402 1578 vestrum
1426 1530 1569 1576 diaco-

190 1618 296 1647 num
320 1601 423 1648 fecit
443 1639 453 1658 ‚
485 1603 562 1666 qui
586 1620 674 1648 non
698 1613 797 1665 post
820 1602 979 1648 multos
998 1602 1088 1648 dies
1107 1639 1117 1657 ‚
1148 1601 1401 1647 eorumdem
1420 1600 1570 1664 perdi-

193 1684 335 1717 torum
349 1673 461 1718 sicut
475 1672 736 1719 desideravit
748 1673 1005 1719 commixtus
1020 1672 1235 1728 audaciae,
1250 1673 1344 1718 etin
1358 1683 1569 1717 nocturna

195 1742 462 1801 aggressione
484 1780 495 1799 ‚
542 1743 586 1787 in
622 1741 764 1787 medio
805 1742 1034 1788 latrocinio
1070 1753 1199 1806 atque
1232 1741 1433 1787 incendio
1456 1757 1532 1786 suo
1559 1778 1569 1794 ‚

195 1812 489 1859 subvenientis
526 1812 822 1858 multitudinis
856 1830 1070 1859 concursu
1090 1849 1101 1869 ‚
1130 1822 1383 1875 peremptus
1413 1822 1487 1858 est.
1517 1811 1573 1857 Hi

197 1893 297 1928 sunt
316 1882 486 1929 fructus
508 1882 732 1928 divisionis
761 1883 895 1942 hujus
913 1920 923 1936 ,
952 1900 1085 1946 quam
1108 1899 1259 1927 sanare
1287 1899 1373 1927 non
1409 1881 1539 1927 vultis
1560 1918 1570 1937 ‚

198 1953 258 1998 sic
282 1953 489 2013 fugiendo
517 1954 726 1999 unitatem
749 1989 761 2007 ,
792 1952 1166 2015 quemadmodum
1189 1951 1330 1997 suerat
1349 1953 1441 2014 ipsa
1458 1950 1575 1996 divi-

198 2024 260 2069 sio
277 2023 482 2083 fugienda
501 2044 512 2078 ;
532 2040 632 2087 quae
657 2040 735 2090 per
757 2040 798 2069 se
818 2024 956 2087 ipsam
985 2023 1105 2069 foeda
1127 2033 1217 2079 est,
1245 2034 1287 2069 et
1314 2021 1578 2068 damnabilis

199 2093 310 2148 Deo,
333 2094 408 2139 etsi
427 2105 612 2157 propter
636 2093 774 2156 ipsam
800 2093 897 2138 haec
922 2103 963 2138 et
984 2092 1066 2138 alia
1084 2103 1172 2138 tam
1194 2091 1412 2138 horrenda
1433 2103 1475 2138 et
1500 2108 1579 2137 ne-

202 2162 332 2208 fanda
357 2181 442 2208 non
467 2165 631 2209 fierent.

269 2233 366 2277 XX.
398 2234 692 2292 Agnoscamus
724 2249 824 2292 ergo
844 2269 854 2285 ,
879 2231 1012 2278 frater
1034 2269 1043 2287 ‚
1069 2249 1220 2295 pacem
1243 2231 1434 2287 Christi,
1466 2230 1582 2294 pari-

207 2315 354 2366 terque
389 2316 606 2349 teneamus
626 2340 636 2358 ,
666 2313 707 2347 et
736 2314 951 2366 quantum
979 2305 1092 2348 Deus
1121 2302 1283 2357 donat,
1320 2303 1452 2348 simul
1476 2301 1582 2348 boni

207 2391 293 2419 esse
325 2373 572 2419 studeamus
595 2411 604 2428 ‚
634 2383 675 2418 et
710 2373 837 2418 simul
877 2373 1011 2418 malos
1042 2373 1157 2419 salva
1193 2373 1382 2430 unitate,
1418 2383 1583 2437 quanta

207 2460 437 2506 possumus
463 2442 693 2505 disciplina
713 2443 992 2488 emendemus
1008 2479 1018 2497 ‚
1047 2454 1089 2488 et
1113 2454 1295 2506 propter
1315 2444 1456 2506 ipsam
1483 2441 1585 2487 uni-

211 2524 359 2570 tatem,
380 2523 546 2577 quanta
570 2527 799 2575 possumus
814 2512 1025 2575 patientia
1050 2512 1277 2559 toleremus
1303 2530 1313 2558 :
1341 2513 1439 2568 ne2‚
1464 2511 1576 2556 sicut

259 2598 269 2618 ¹
289 2599 382 2628 Fotte
400 2595 636 2639 proculeianus,
653 2613 701 2620 -—-—
714 2593 730 2616 2
745 2595 862 2629 Matth.
878 2606 954 2634 xm,
974 2606 1026 2635 29.
