1902 3268
624 263 832 292 nris'roria
872 264 1037 293 [xxxii.
1433 254 1515 296 103

151 343 248 381 eum
265 326 372 390 quid
396 325 440 373 iu
463 342 509 370 ea
531 342 575 372 re
600 341 750 371 verum
783 337 888 372 esset
920 325 1106 371 docebat
1131 344 1140 370 :
1169 327 1238 371 sed
1273 332 1363 386 ejus
1389 330 1518 373 simu-

150 396 371 452 lationem,
392 411 478 459 qua
493 404 636 454 gentes
649 394 873 453 judaizare
893 395 1177 455 cogebantur,
1190 397 1414 456 arguebat,
1433 413 1521 442 non

150 467 209 514 ob
233 467 370 523 aliud,
389 465 469 512 nisi
490 466 593 528 quia
617 466 766 512 sicilia
791 467 934 515 omnia
952 467 1218 513 simulatoria
1241 468 1520 527 gerebantur,

151 546 358 601 tanquam
382 552 531 582 verum
551 547 684 593 esset,
718 537 835 600 quod
862 537 924 583 illi
959 536 1188 592 dicebant,
1215 538 1292 601 qui
1319 538 1408 584 sine
1435 538 1518 583 cir-

149 608 414 660 cumcisione
426 607 633 671 praeputii
647 618 774 671 atque
788 608 879 654 aliis
894 607 1390 671 observationibus,quae
1403 617 1526 654 erant

149 678 322 732 umbrae
353 677 603 731 futurorum
625 715 636 734 ‚
671 679 891 741 putabant
915 677 1135 724 credentes
1162 678 1298 724 salvos
1322 695 1411 725 esse
1434 696 1521 725 non

149 765 284 812 posse.

212 819 315 871 ΧΠ.
348 820 462 879 Ergo
493 829 536 871 et
560 818 842 868 Timotheum
877 817 1156 866 circumcidit
1184 828 1442 881 propterea,
1473 834 1527 864 ne

147 889 337 947 Judaeis3
361 900 404 936 et
424 888 602 940 maxime
623 887 872 948 cognationi
895 891 986 948 ers
1012 898 1218 934 maternae
1246 888 1307 935 sic
1332 887 1529 934 videren-

150 969 220 1011 tur
238 959 315 1022 qui
339 976 387 1005 ex
422 959 624 1018 gentibus
651 959 695 1004 in
721 957 946 1003 Christum
983 957 1258 1007 crediderant
1280 985 1291 1012 5
1328 957 1527 1005 detestari

147 1029 520 1081 circumcisionem
545 1065 556 1084 ,
582 1028 695 1074 sicut
729 1027 976 1078 idololatria
1003 1027 1255 1076 detestanda
1293 1040 1354 1076 est
1378 1046 1388 1074 :
1426 1045 1526 1075 cum

144 1099 265 1147 illam
301 1099 416 1150 Deus
451 1099 544 1145 sieri
570 1099 846 1162 prfeceperit‚
874 1099 991 1144 lianc
1030 1100 1212 1144 Satanas
1248 1099 1519 1162 persuaserit.

148 1168 203 1214 Et
221 1169 369 1215 Titum
391 1180 621 1232 propterea
643 1186 729 1214 non
751 1168 1047 1223 circumcidit,
1071 1187 1124 1214 ne
1147 1170 1416 1217 occasionem
1442 1169 1525 1214 da·-

145 1250 210 1286 l‘et
240 1240 316 1295 eis,
357 1239 432 1302 qui
470 1239 559 1285 sine
596 1239 666 1285 illa
700 1239 1029 1286 circumcisione
1065 1239 1272 1285 dicebant
1305 1239 1526 1289 credentes

86 1352 91 1355 ⁴
144 1310 282 1362 salvos
315 1327 402 1355 esse
434 1327 521 1357 non
547 1327 673 1373 posse
695 1347 705 1365 ,
746 1321 787 1356 et
812 1310 865 1356 ad
892 1310 1189 1374 deceptionem
1218 1311 1409 1370 gentium
1436 1311 1523 1358 lioc

144 1383 272 1428 etiam
297 1380 487 1428 Paulum
509 1381 664 1431 sentire
689 1385 921 1441 jactarent.
955 1381 1086 1438 Quod
1113 1382 1203 1444 ipsc
1233 1383 1332 1429 satis
1355 1383 1524 1441 signifi-

144 1462 216 1503 cat
232 1489 244 1509 ‚
270 1452 348 1501 ubi
364 1451 446 1508 ait,
471 1472 492 1494 (ε
515 1451 601 1498 Sed
626 1469 765 1516 neque
791 1445 918 1499 Titus
937 1489 948 1508 ,
978 1453 1054 1516 qui
1081 1469 1249 1501 mecum
1271 1462 1387 1509 erat,
1419 1469 1519 1501 cum

144 1536 250 1575 esset
275 1526 475 1581 Graecus,
497 1526 750 1588 compulsus
769 1536 829 1572 est
850 1525 1109 1572 circumcidi
1128 1545 1138 1572 :
1166 1535 1350 1588 propter
1369 1525 1518 1571 subin-

144 1595 369 1644 troductos
388 1607 531 1644 autem
547 1595 674 1643 falsos
691 1596 843 1643 fratres
858 1633 868 1652 ‚
897 1596 1236 1644 subintroierant
1256 1595 1521 1659 perscrutari

142 1666 388 1715 libertatem
420 1677 639 1721 nostram,
680 1677 728 1714 ut
761 1685 837 1713 nos
875 1668 920 1713 in
960 1667 1208 1714 servitutem
1249 1666 1518 1726 redigerent3

143 1737 304 1800 quibus
338 1754 416 1785 nec
448 1736 502 1786 ad
539 1738 694 1785 horam
729 1739 934 1784 cessimus
971 1738 1268 1798 subjectione,
1295 1749 1343 1783 ut
1365 1739 1520 1783 veritas

144 1807 367 1867 Evangelii
389 1818 642 1870 permaneat
674 1807 729 1854 ad
754 1807 873 1855 vos4.
893 1829 913 1850 >³
950 1809 1034 1853 Hic
1068 1819 1280 1871 apparet,
1308 1808 1416 1871 quid
1451 1823 1522 1853 eos

142 1888 320 1941 captare
357 1877 640 1933 intellexerit,
676 1888 835 1925 utnon
872 1878 1031 1925 faceret
1053 1878 1172 1941 quod
1208 1878 1252 1923 in
1285 1877 1519 1923 Timotheo

140 1950 325 2004 fecerat;
345 1961 388 1998 et
413 1950 532 2014 quod
551 1968 599 1996 ea
616 1950 818 1997 libertate
840 1950 980 1996 facere
1003 1961 1189 2013 poterat,
1214 1968 1300 2014 qua
1324 1951 1518 1997 ostende-

140 2032 208 2072 rat
225 2058 237 2078 ‚
259 2021 332 2075 illa
350 2032 619 2070 sacramenta
648 2039 726 2068 nec
746 2032 955 2084 tanquam
988 2022 1223 2067 necessaria
1254 2021 1410 2068 dehere
1433 2039 1517 2084 ap-

141 2093 250 2156 peti,
270 2109 350 2140 nec
371 2103 578 2156 tanquam
596 2093 800 2153 sacrilega
823 2092 979 2139 debere
994 2092 1206 2140 damnari.

204 2164 332 2211 XIH.
367 2163 450 2211 Sed
495 2163 739 2210 cavendum
780 2174 842 2209 est
884 2163 1089 2209 videlicet
1122 2164 1167 2208 in
1205 2163 1288 2208 hac
1315 2163 1518 2227 disputa-

142 2233 285 2290 tione,
322 2250 376 2281 ne
417 2233 531 2280 sicut
566 2233 849 2296 philosophi,
877 2233 1080 2297 quaedam
1126 2232 1242 2278 facta
1286 2233 1515 2281 hominum

140 2303 284 2351 media
301 2303 497 2350 dicamus
514 2304 626 2350 inter
648 2315 762 2351 recte
783 2304 949 2351 factum
970 2315 1010 2349 et
1034 2315 1263 2367 peccatum
1283 2338 1292 2358 ‚
1312 2321 1410 2366 quae
1435 2323 1514 2352 ne-

140 2391 226 2438 que
246 2375 293 2422 in
316 2384 430 2422 recte
462 2373 614 2432 factis,
654 2393 793 2440 neque
837 2377 880 2421 in
910 2376 1098 2439 peccatis
1127 2386 1438 2430 numerentur3
1476 2389 1517 2423 et

141 2461 370 2505 urgeamur
383 2463 450 2501 eo,
466 2445 585 2508 quod
602 2446 831 2493 observare
843 2447 967 2506 Legis
984 2446 1262 2490 caeremonias
1282 2463 1366 2492 non
1378 2458 1519 2510 potest

139 2531 227 2563 esse
251 2515 522 2569 indifferens;
546 2517 617 2562 sed
642 2528 716 2563 aut
738 2518 921 2569 bonum,
950 2526 1024 2562 aut
1051 2515 1212 2562 malum
1233 2533 1243 2560 ε
1266 2527 1314 2563 ut
1331 2553 1342 2569 ,
1374 2517 1405 2563 si
1432 2517 1516 2562 ho-

189 2597 323 2630 lcalat.
342 2608 380 2640 11,
405 2599 436 2631 3.
