1902 3268
647 259 858 290 EPISTOLA
894 259 973 290 CH.
1430 266 1513 314 271

144 321 301 381 falsum
335 322 445 377 erit;
478 324 581 387 quia
618 340 705 369 una
742 341 890 370 earum
917 324 1028 369 forte
1062 325 1189 371 citius
1227 329 1411 375 extincta
1440 342 1514 391 est.

147 393 245 439 Non
268 394 412 457 itaque
433 394 467 439 si
491 393 654 457 aliquid
675 393 914 440 secundum
935 393 1054 440 aliud
1077 405 1244 441 tantum
1267 407 1345 454 est,
1362 416 1520 449 secune

147 461 250 509 dum
270 463 390 510 aliud
414 477 580 514 nonest
614 475 801 520 tantum,
820 465 1024 529 quianon
1048 465 1166 510 omni
1195 466 1325 513 modo
1349 479 1518 516 tantum

145 543 230 588 est,
257 533 355 580 ideo
374 533 504 584 falsus
523 546 586 580 est
613 534 770 580 modus
788 535 831 580 in
853 551 941 598 quo
966 546 1135 581 tantum
1160 547 1234 583 cst.

209 605 347 657 XXV.
380 605 492 656 Cum
517 622 618 657 vero
636 605 812 661 dixerit,
839 626 858 647 «
876 607 926 650 ln
950 623 1037 670 qua
1060 623 1256 661 mensura
1281 611 1414 656 mensi
1433 609 1522 660 fue-

147 696 169 718 »
183 675 294 737 ritis,
321 675 568 723 remetietur
592 677 719 731 vobis
738 696 750 731 ;
768 696 788 718 ν
812 676 1000 740 cumque
1025 676 1298 724 manifestum
1318 680 1389 736 sit,
1407 678 1526 742 aliud

145 761 232 791 esse
254 762 498 797 mensuram
524 739 570 793 in
592 763 679 811 qua
704 747 881 792 metitur
905 745 1096 810 aliquid,
1129 747 1246 794 aliud
1273 749 1411 814 ipsam
1434 767 1524 798 rem

145 831 246 879 quae
269 817 474 865 metitur:
496 820 585 878 jam
610 817 701 869 fieri
724 827 883 882 potest,
909 818 1020 862 utin
1039 834 1126 880 qua
1152 835 1350 867 mensura
1375 821 1524 867 homi-

145 902 220 932 nes
245 887 378 933 mensi
400 897 562 942 essent,
592 887 716 933 verbi
735 887 890 948 gratia,
913 886 1109 933 modium
1131 888 1293 947 tritici,
1315 889 1361 936 in
1379 907 1425 937 ea
1442 891 1526 943 illis

145 955 400 1003 metirentur
421 957 552 1002 millia
576 956 821 1003 modiorum
842 967 889 1003 ut
906 970 947 1002 et
973 968 1060 1003 tam
1086 958 1275 1005 multum
1305 960 1524 1009 interesset

144 1027 190 1074 in
214 1028 455 1092 quantitate
486 1026 720 1086 frumenti,
750 1039 792 1073 et
816 1027 928 1074 nihil
946 1028 991 1073 in
1020 1046 1220 1076 mensura
1243 1048 1253 1075 ε
1286 1042 1333 1076 ut
1360 1043 1523 1080 taceam

145 1096 199 1157 de
217 1099 409 1177 ipsarum
435 1115 580 1144 rerum
615 1097 890 1153 diversitate3
920 1098 1022 1162 quia
1041 1116 1129 1144 non
1155 1099 1291 1146 solum
1316 1103 1408 1149 fieri
1438 1121 1521 1167 po*

145 1179 244 1228 test,
269 1169 377 1215 utin
395 1185 483 1234 qua
508 1185 706 1214 mensura
726 1168 824 1233 quis
849 1186 1021 1214 mensus
1040 1169 1169 1216 fuerit
1200 1170 1453 1227 hordeum,
1478 1175 1525 1220 in

144 1255 192 1285 ea
226 1239 291 1286 illi
324 1240 527 1286 metiitur
563 1238 787 1291 triticum;
825 1239 899 1285 sed
934 1239 979 1285 in
1006 1257 1093 1305 qua
1131 1259 1331 1289 mensura
1356 1261 1526 1291 mensus

142 1296 275 1356 fuerit
297 1309 588 1365 frumentum,
605 1308 652 1354 in
670 1326 717 1355 ea
740 1307 804 1355 illi
824 1309 1030 1356 metiatur
1054 1327 1208 1357 aurum
1226 1324 1295 1369 ‚et
1317 1313 1433 1360 frun
1418 1315 1526 1362 enti

145 1380 200 1440 sit
224 1397 335 1427 unus
353 1379 553 1436 modius,
578 1381 671 1425 auri
691 1390 835 1425 autem
844 1379 1208 1444 ,quamplurimi.
1238 1385 1303 1430 Ita
1320 1401 1420 1430 cum
1436 1385 1527 1445 sine

145 1451 471 1515 comparatione
510 1467 657 1496 rerum
690 1417 914 1514 ipsaruin,
953 1461 994 1496 et
1028 1469 1161 1512 genus
1182 1490 1193 1509 ,
1230 1464 1271 1499 et
1308 1456 1528 1518 quantitas

144 1525 340 1583 diffcrat;
367 1524 454 1571 dici
480 1535 623 1570 tamen
647 1523 882 1570 rectissime
912 1535 1082 1588 potest,
1119 1526 1170 1572 In
1198 1544 1284 1590 qua
1326 1546 1524 1592 mensura

144 1607 406 1652 mensusest‚
422 1596 466 1642 in
480 1612 527 1641 ea
550 1594 612 1640 illi
627 1594 825 1640 metitum
845 1605 920 1642 est.
947 1594 1072 1642 Unde
1092 1608 1239 1643 autam
1253 1596 1352 1645 'doc
1371 1599 1524 1662 dixerit

144 1668 362 1720 Christus,
382 1666 516 1731 paulo
545 1665 746 1728 superius
766 1665 866 1711 satis
885 1665 1028 1712 elucet
1059 1684 1069 1711 :
1102 1688 1123 1708 «
1145 1667 1289 1715 Nolite
1310 1707 1321 1726 ‚
1343 1670 1486 1734 inquit
1509 1709 1519 1728 ‚

144 1734 841 1798 »judicare.utnonjudicemiui.
859 1739 910 1780 In
925 1752 1012 1799 quo
1036 1736 1152 1782 enim
1173 1738 1525 1800 iudiciojudica-

144 1805 680 1868 »veritisjudicabimini.
692 1827 712 1847 »
726 1806 954 1870 Numquid
968 1807 1001 1852 si
1019 1806 1528 1871 iiiiquojudiciojudica-

142 1879 274 1934 bunt,
290 1878 442 1942 iniquo
456 1876 780 1938 judicabuntur
795 1879 813 1922 Ῥ
830 1877 970 1924 Absit.
993 1878 1027 1923 N
1039 1877 1124 1923 ulla
1139 1879 1306 1942 quippe
1320 1880 1525 1945 iniquitas

144 1949 262 2014 apud
284 1952 441 2006 Deum.
468 1947 633 1994 sedita
658 1946 828 1993 dictum
850 1958 941 2005 est,
976 1969 995 1989 α
1018 1949 1071 1993 ln
1100 1965 1188 2012 quo
1215 1950 1386 2009 judicio
1409 1953 1526 2012 judi-

143 2018 504 2077 >2caverjtis‚ineo
517 2017 829 2078 judicabimini
847 2036 884 2076 3»
904 2028 1111 2082 tanquam
1122 2018 1355 2078 diceretur,
1373 2022 1417 2067 iu
1439 2041 1526 2087 qua

143 2091 365 2145 voluntate
391 2088 691 2136 benefeceritis
712 2125 724 2144 ,
746 2089 790 2135 in
812 2089 906 2152 ipsa
923 2089 1252 2145 liberabimini3
1285 2092 1350 2138 vel
1373 2093 1416 2138 in
1439 2112 1525 2158 qua

143 2161 367 2215 voluntate
400 2159 699 2206 malefeceritis
721 2159 766 2204 in
788 2159 881 2222 ipsa
902 2160 1161 2223 puniemini.
1189 2160 1318 2207 Velut
1341 2163 1375 2208 si
1399 2166 1522 2229 quis-

143 2249 275 2296 quam
295 2230 349 2277 ad
374 2241 546 2293 turpem
568 2230 968 2291 concupiscentiam
987 2231 1124 2277 oculis
1145 2242 1265 2278 utens
1281 2270 1291 2289 ‚
1319 2236 1526 2283 excaecari

139 2303 382 2364 Juberetur‚
398 2311 513 2346 recte
533 2301 683 2363 utique
702 2301 889 2357 audiret,
914 2302 963 2347 In
985 2302 1149 2365 quibus
1165 2303 1302 2349 oculis
1318 2307 1526 2367 peccasti,

142 2373 188 2421 in
211 2373 271 2422 eis
294 2370 562 2434 supplicium
592 2372 804 2418 meruisti.
831 2371 1010 2417 Judicio
1031 2372 1145 2417 enim
1180 2373 1366 2438 quisque
1388 2377 1521 2424 animi

143 2442 228 2498 sui,
247 2458 320 2494 seu
343 2442 463 2487 bono
494 2458 566 2487 seu
593 2441 708 2486 malo
741 2441 880 2488 utitur
903 2441 971 2488 vel
994 2442 1048 2487 ad
1066 2443 1427 2492 benefaciendum
1452 2448 1520 2494 vel

143 2511 199 2558 ad
218 2510 504 2576 peccandum.
531 2510 657 2557 Unde
683 2528 769 2556 non
790 2511 993 2574 iniquum
1012 2521 1093 2569 est,
1115 2524 1163 2558 ut
1186 2513 1230 2558 in
1247 2531 1336 2578 quo
1353 2516 1529 2575 judicat

142 2583 188 2636 iu
205 2599 256 2636 ee
267 2581 507 2643 judicetur,
532 2581 618 2628 hoc
640 2592 702 2628 est
726 2592 774 2628 ut
793 2582 836 2629 in
854 2582 949 2646 ipso
960 2582 1093 2630 animi
1114 2583 1178 2631 sui
1190 2583 1528 2650 judiciopoenas
