1902 3268
665 308 877 338 eptsrotA
915 309 1073 340 [xxm.
1503 299 1563 355 43

181 377 352 425 nissein
371 392 525 423 manus
543 386 638 421 tuas
664 375 826 420 litteras
852 392 983 429 meas,
1013 391 1118 438 quas
1139 392 1217 440 per
1258 378 1333 422 Dei
1370 394 1559 430 servum,

180 450 322 495 filium
346 458 560 502 nostrum,
582 446 855 509 (lyprianum
887 445 1122 492 diaconum
1145 447 1256 498 misi,
1282 449 1444 511 quibus
1464 465 1563 495 cer-

179 519 339 569 tissime
367 533 616 578 agnosceres
635 533 775 562 meam
802 534 889 563 esse
913 517 1165 581 epistolam,
1193 521 1318 579 cujus
1342 519 1563 582 exempla-

179 589 242 635 ria
266 588 371 635 illuc
389 588 631 652 pervenisse
651 588 1000 633 commemorasti
1017 607 1027 643 3
1056 588 1171 634 unde
1185 592 1275 648 jam
1293 606 1360 634 me
1377 589 1568 635 arbitror

179 659 400 723 rescriptis
422 659 533 714 tuis,
564 658 681 704 velut
707 659 936 704 Entellinis
973 658 1206 717 glandibus
1235 670 1364 723 atque
1395 659 1567 705 acribus

179 731 400 781 eaestibus,
422 740 630 793 tanquam
655 728 861 774 audacem
889 729 1087 773 Dareteni
1110 729 1294 791 coepisse
1316 729 1478 792 pulsari
1499 740 1566 774 at-

177 817 264 865 que
281 801 468 847 versari:
490 816 609 846 nunc
630 810 769 845 tamen
792 800 850 844 eis
880 800 983 862 ipsis
1007 800 1248 863 respondeo
1280 800 1431 845 litteris
1457 800 1563 855 tuis,

178 888 287 936 quas
310 871 420 917 mihi
444 886 523 935 per
549 881 747 915 sanctum
770 871 908 915 silium
932 882 1126 916 nostrum
1149 873 1363 917 Asterium
1401 871 1568 916 mittere

179 942 382 1002 dignatus
396 959 438 988 es
464 960 475 987 ι
495 941 538 986 in
563 941 726 1005 quibus
741 941 878 986 multa
894 941 937 986 in
963 957 1031 987 me
1050 942 1245 1006 comperi
1268 951 1355 987 tuae
1376 942 1569 987 benevo—

178 1011 427 1058 lentissimae
455 1011 680 1058 'cbaritatis
699 1049 710 1068 ,
728 1021 770 1057 et
791 1026 935 1057 rursus
954 1012 1158 1075 quaetlani
1186 1011 1439 1058 nonnullius
1460 1028 1479 1057 a
1502 1027 1568 1057 me

179 1084 374 1147 comperi
409 1094 497 1129 tuae
517 1083 763 1129 offensionis
798 1083 974 1130 indicia.
1019 1083 1170 1147 ltaque
1192 1120 1202 1138 ‚
1242 1083 1320 1129 ubi
1344 1083 1570 1128 mulcebar

178 1153 338 1215 legens,
358 1155 422 1200 ibi
445 1155 654 1200 continuo
674 1153 861 1200 feriebar
879 1174 890 1208 3
916 1155 1002 1200 hoc
1020 1172 1118 1200 sane
1137 1154 1199 1199 vel
1217 1153 1398 1199 maxime
1426 1153 1570 1200 admi-

178 1241 296 1282 rans,
317 1225 458 1289 quod,
485 1240 585 1271 cum
616 1225 736 1271 dicas
763 1236 801 1270 te
818 1225 1139 1288 exemplaribus
1180 1225 1423 1270 litterarum
1448 1240 1568 1271 mea-

178 1311 274 1341 rum
290 1296 388 1342 idco
410 1307 568 1341 temere
587 1312 673 1341 non
696 1307 868 1358 putasse
893 1295 1179 1349 credendum,
1202 1311 1253 1339 ne
1285 1295 1394 1340 sorte
1420 1306 1460 1340 te
1479 1311 1564 1340 res·

177 1366 400 1431 pondente
424 1366 556 1412 ltesus
582 1370 698 1427 juste
737 1366 1074 1430 expostularent,
1114 1365 1232 1430 quod
1261 1367 1451 1427 probare
1472 1375 1582 1411 ante·

179 1436 398 1483 debuisses
423 1451 568 1482 meum
596 1454 684 1483 esse
708 1452 967 1491 sermonem,
995 1447 1036 1482 et
1057 1438 1117 1482 sic
1136 1436 1394 1489 rescribere3
1425 1447 1569 1499 postea

176 1507 349 1568 Jubeas,
371 1507 404 1553 si
429 1524 523 1552 mea
551 1519 614 1552 est
638 1507 840 1571 epistola,
862 1518 1008 1571 aperte
1044 1522 1113 1552 me
1131 1507 1338 1556 scribere.
1368 1517 1442 1552 aut
1463 1506 1567 1551 mit-

180 1589 267 1638 tere
279 1577 539 1641 exemplaria
572 1580 767 1631 verim-,13
791 1589 837 1623 ut
855 1579 1018 1642 absque
1039 1577 1128 1623 ullo
1153 1594 1334 1623 rancore
1353 1578 1566 1623 stomachi

178 1648 224 1694 in
241 1648 571 1712 seripturarum
598 1648 895 1713 disputatione
913 1662 1148 1694 versemur,
1174 1649 1275 1705 Quo
1302 1658 1432 1711 paeto
1449 1649 1564 1693 enim

178 1733 410 1783 possumus
426 1718 471 1764 in
493 1719 579 1764 hae
601 1719 902 1782 disputatione
926 1719 1017 1764 sine
1034 1734 1217 1764 rancore
1243 1719 1420 1775 versari,
1442 1720 1476 1764 si
1501 1735 1567 1764 me

179 1789 339 1836 laedere
372 1791 529 1852 parus?
565 1790 654 1835 Ant
695 1790 731 1835 si
755 1806 842 1835 non
866 1802 1013 1853 paras,
1039 1789 1266 1853 quomodo
1292 1806 1389 1849 ego,
1417 1800 1458 1835 te
1478 1805 1566 1835 non

179 1859 382 1914 laedente,
417 1859 494 1904 abs
518 1870 559 1904 te
581 1859 709 1905 laesus
729 1863 843 1920 juste
863 1860 1195 1923 expostularem,
1221 1859 1340 1923 quod
1375 1860 1565 1923 probare

181 1941 280 1977 ante
299 1929 536 1986 debuisses,
570 1942 717 1976 meum
753 1944 839 1976 esse
859 1946 1097 1976 sermonem
1120 1968 1130 1985 ,
1156 1941 1198 1975 et
1221 1931 1281 1976 sic
1309 1931 1562 1985 rescribere,

180 2001 400 2048 honestet
419 2001 481 2047 sit:
500 2000 694 2047 loedere?
721 2001 814 2047 Nisi
833 2000 946 2047 enim
973 2000 1252 2047 rescribendo
1269 2000 1466 2056 laesisses,
1489 2014 1567 2061 ego

176 2074 293 2132 juste
314 2067 584 2135 expostulare
600 2083 689 2117 non
711 2086 896 2136 possem.
930 2071 1122 2117 Proinde
1142 2082 1244 2117 cum
1263 2071 1324 2117 ita
1346 2071 1564 2127 rescribi3‚

181 2152 234 2188 ut
262 2140 423 2197 laedas,
459 2141 557 2205 quis
587 2140 712 2188 loeus
740 2141 868 2187 nobis
900 2141 1162 2205 relinquitur
1194 2142 1240 2187 in
1271 2140 1568 2204 disputatione

184 2211 514 2276 Scripturarum
539 2212 631 2258 sine
658 2212 748 2259 ullo
779 2228 962 2258 rancore
991 2212 1230 2260 versandi?
1260 2215 1352 2274 Ego
1383 2213 1562 2277 quidem

185 2283 298 2329 absit
323 2293 374 2329 ut
399 2281 552 2338 laedar,
582 2283 617 2328 si
641 2283 754 2329 mihi
776 2292 894 2329 certa
919 2283 1086 2330 ratione
1103 2284 1291 2330 volueris
1307 2293 1349 2329 et
1373 2286 1568 2348 potueris

184 2353 480 2400 demonstrare
509 2353 621 2400 illud
650 2371 698 2401 ex
717 2354 916 2418 Epistola
952 2355 1172 2419 Apostoli,
1195 2355 1265 2402 vel
1299 2356 1409 2420 quid
1447 2355 1567 2402 aliud

185 2424 517 2489 Scripturarum
528 2435 778 2476 sanctarum
800 2437 838 2473 te
852 2427 994 2473 verius
1016 2427 1291 2484 intellexisse,
1311 2444 1444 2491 quam
1464 2444 1532 2474 me
1551 2445 1562 2473 t

184 2492 275 2542 imo
297 2505 401 2543 vero
432 2495 572 2550 absit,
612 2506 662 2543 ut
696 2513 785 2544 non
821 2513 924 2543 eum
961 2499 1199 2559 grati-arum
1231 2499 1400 2546 actione
1436 2499 1569 2546 lucris

185 2565 290 2612 meis
307 2565 514 2630 deputem
533 2600 546 2623 ,
574 2567 611 2614 si
628 2566 751 2614 fuero
775 2577 817 2615 te
841 2567 1024 2616 docente
1042 2569 1297 2626 instructus,
1319 2580 1394 2617 aut
1417 2578 1567 2617 emen-

186 2635 321 2683 dante
333 2646 567 2686 eorrectes.
