1902 3268
377 277 470 331 [⁸54
786 289 820 318 s,
867 289 1110 320 Areusrim
1146 290 1349 321 Eriscom

371 339 530 386 facient
572 337 775 384 tacituri?
807 339 913 384 Nam
938 338 1104 384 etiamsi
1129 338 1293 385 clamor
1319 356 1407 386 non
1434 339 1514 397 sit,
1537 338 1652 387 solus
1679 356 1757 387 su·-

373 427 521 456 surrus
549 410 640 473 ipse
678 408 935 462 multorum,
976 409 1076 454 satis
1111 426 1317 470 magnum
1352 411 1580 475 strepitum
1606 411 1753 469 faciet,

372 497 460 544 quo
484 479 748 543 impediatur
769 478 843 524 illa
863 477 1053 525 collatio.

437 551 536 596 Vll.
568 548 687 606 Quid
721 558 781 594 est
800 559 943 594 autem
970 548 1090 612 quod
1119 549 1163 595 in
1189 550 1370 597 Notoria
1394 569 1468 598 sua
1500 553 1754 617 ponendum

374 630 604 684 putarunt,
625 619 722 665 ideo
737 636 778 664 se
800 622 915 679 juste
929 619 1157 680 flagitasse,
1181 632 1229 667 ut
1249 638 1396 668 omnes
1414 622 1624 681 adessent,
1650 626 1756 690 quia

373 707 521 736 omnes
550 689 753 736 conventi
787 702 887 736 sunt
917 700 965 735 ut
1000 690 1196 736 venirent
1230 708 1240 736 ε
1282 692 1403 755 quasi
1439 704 1615 757 possent
1657 695 1755 756 eligi

370 761 520 826 pauci,
545 762 620 825 qui
636 760 777 807 adesse
792 761 1016 818 deberent,
1037 761 1119 807 nisi
1138 761 1193 807 ab
1206 763 1410 809 omnibus
1427 764 1504 827 qui
1527 765 1754 825 venissent,

374 842 593 878 uteorum
618 831 816 878 electioni
843 842 882 878 te
914 841 1128 895 praesente
1161 833 1501 891 subscriberent,
1541 852 1590 881 ac
1612 836 1674 882 sic
1709 836 1755 882 in

373 902 526 966 paucis
544 919 690 948 omnes
709 913 864 957 essent,
878 919 980 948 cum
995 903 1051 948 ab
1074 904 1278 950 omnibus
1297 904 1428 968 pauci
1456 905 1581 952 electi
1598 917 1748 954 essent.

373 975 461 1018 Aut
477 989 576 1032 ergo
598 972 812 1018 tumultus
833 973 888 1018 ab
912 973 970 1018 eis
998 973 1232 1033 cogitatur,
1267 985 1340 1021 aut
1358 993 1465 1039 pax3
1491 993 1680 1041 quorum
1698 977 1756 1023 il-

369 1042 447 1089 lud
465 1054 686 1106 optamus,
708 1042 820 1089 illud
851 1060 1053 1090 cavemus
1080 1061 1090 1089 :
1120 1055 1160 1090 et
1177 1045 1276 1091 ideo
1300 1063 1353 1092 ne
1374 1046 1502 1104 forte,
1527 1047 1648 1111 quod
1671 1048 1756 1094 ab-

371 1113 443 1170 sit,
466 1113 553 1159 hoc
574 1123 848 1177 praeparetur
887 1113 1032 1177 potius
1067 1113 1187 1177 quod
1209 1132 1428 1173 cavemus,
1470 1134 1603 1181 quam
1633 1117 1755 1181 quod

371 1194 590 1248 optamus,
608 1184 899 1230 consentimus
920 1183 1063 1230 adesse
1079 1201 1226 1230 omnes
1243 1185 1354 1243 illos,
1371 1197 1420 1233 ut
1440 1188 1755 1234 tamenanobis

374 1264 516 1300 tantus
536 1253 646 1300 adsit
667 1270 890 1311 numerus,
914 1264 1104 1318 quantus
1129 1265 1215 1301 tuae
1234 1256 1546 1319 spectabilitati
1562 1258 1754 1305 sufficere

369 1325 486 1372 visus
504 1335 564 1370 est
583 1342 593 1370 :
621 1335 670 1371 ut
692 1324 1009 1370 tumultuosum
1031 1342 1110 1388 per
1141 1325 1289 1371 turbas
1312 1326 1347 1372 si
1371 1327 1478 1391 quid
1514 1328 1750 1385 emerserit,

374 1395 545 1441 nonnisi
579 1396 638 1442 eis
681 1405 794 1442 recte
831 1394 1088 1459 imputetur,
1116 1395 1162 1441 in
1187 1412 1376 1459 quorum
1411 1408 1537 1461 parte
1561 1415 1754 1462 praesens

370 1465 500 1512 fuerit
524 1465 578 1512 ad
594 1484 702 1522 rem,
720 1482 820 1530 quae
841 1484 862 1511 a
877 1465 1028 1529 paucis
1049 1465 1212 1525 agenda
1230 1477 1308 1521 est,
1335 1468 1512 1514 omnino
1532 1469 1754 1533 superflua

372 1535 623 1583 multitudo.
657 1535 702 1581 Si
727 1545 869 1582 autem
889 1534 1009 1599 quod
1031 1536 1140 1582 votis
1164 1537 1369 1584 omnibus
1385 1539 1607 1602 cupimus,
1630 1539 1753 1603 quod

372 1606 573 1653 ardenter
592 1607 856 1671 appetimus,
878 1606 998 1670 quod
1020 1607 1278 1670 suppliciter
1298 1626 1321 1653 a
1335 1610 1525 1655 Domino
1545 1609 1753 1673 depreca-

371 1694 486 1733 mur,
516 1694 645 1723 causa
672 1677 847 1724 unitatis
869 1676 1082 1723 faciendae
1108 1677 1183 1723 illa
1218 1678 1299 1724 erit
1332 1681 1567 1727 necessaria
1598 1680 1753 1727 multi-

371 1747 497 1804 tudo,
519 1764 620 1793 cum
637 1747 869 1803 volueriut,
893 1764 1040 1793 omnes
1055 1747 1290 1805 aderimus,
1308 1760 1352 1795 et
1375 1760 1545 1797 tantum
1562 1750 1750 1810 bonum,

367 1816 443 1865 illo
469 1817 704 1879 adjuvante
736 1818 812 1882 qui
847 1818 934 1863 hoc
968 1817 1132 1874 donat3
1163 1818 1365 1865 alacriter
1385 1820 1745 1878 convolabimus,

368 1888 560 1935 dicentes
582 1907 592 1934 z
612 1910 632 1930 α
652 1891 820 1935 Fratres
846 1889 982 1934 nostri
1009 1889 1110 1935 estis
1129 1925 1140 1945 ,
1160 1911 1180 1931 »
1212 1907 1299 1935 non
1320 1893 1412 1950 jam
1442 1891 1501 1937 eis
1523 1928 1535 1948 ,
1562 1891 1639 1955 qui
1673 1908 1751 1938 nos

367 1959 652 2014 detestantur,
676 1959 748 2005 sed
770 1959 846 2022 qui
874 1958 976 2004 odio
1001 1959 1125 2005 finito
1151 1959 1496 2023 amplectuntur,
1521 1972 1569 2007 ut
1592 1978 1750 2008 nomen

369 2029 547 2076 Domini
571 2028 941 2085 honorificetur1,
971 2039 1012 2075 et
1033 2041 1243 2093 appareat
1281 2030 1365 2077 illis
1392 2031 1438 2077 in
1467 2031 1749 2092 Jucunditate

361 2102 452 2160 jam
475 2100 705 2145 nobiscum
735 2100 1072 2163 experientibus,
1100 2117 1234 2164 quam
1259 2101 1429 2148 bonum
1458 2103 1748 2163 sitetjucun-

367 2170 472 2216 dum
493 2169 645 2216 fratres
657 2170 906 2216 habitantes
925 2170 971 2215 in
986 2187 1137 2217 unum.
1163 2170 1218 2216 Et
1239 2171 1322 2217 alia
1342 2188 1504 2218 manu:
1529 2173 1749 2236 Optamus

367 2250 408 2287 te
427 2279 437 2297 ,
462 2240 554 2298 fili,
587 2241 632 2286 in
656 2242 746 2286 Deo
782 2241 891 2286 bene
918 2240 1071 2287 valere.
1104 2242 1215 2286 Item
1243 2241 1327 2287 alia
1362 2259 1522 2289 manu:
1551 2243 1749 2290 Aurelius

366 2311 597 2375 episcopus
622 2310 827 2357 Ecclesiae
847 2310 1080 2356 catholicae
1107 2310 1463 2371 Carthaginensis
1487 2313 1741 2378 subscripsi.

368 2383 479 2427 Item
509 2400 519 2427 :
549 2381 764 2446 Sylvanus
790 2382 947 2445 primae
967 2381 1077 2429 sedis
1102 2381 1346 2446 provinciae
1378 2383 1599 2431 Numidiae
1636 2385 1748 2432 sub-

366 2469 534 2516 scripu.

415 2553 426 2576 ¹
451 2555 522 2587 hai,
545 2564 637 2595 mu,
656 2555 686 2594 5,
703 2554 794 2597 juxta
812 2564 887 2591 mx.
