1902 3268
409 290 505 348 434
839 306 875 337 s.
918 304 1163 337 Auensrmi
1198 305 1403 338 muscom

410 383 556 420 menta
571 371 756 428 Christi,
771 371 841 418 sed
855 388 931 434 per
943 371 1193 417 daemonum
1211 372 1561 435 inquinamentaj
1571 384 1786 422 araverat:

411 455 452 491 et
465 456 608 492 tamen
618 443 876 489 certissimos
887 443 1106 488 cruciatus
1117 454 1159 488 et
1171 442 1376 489 horrendi
1389 444 1572 508 exempli
1584 456 1765 491 mortem
1775 482 1786 502 ,

409 533 498 563 non
515 526 559 561 ut
583 519 750 575 juraret
769 514 1017 559 necessitate
1044 514 1283 576 pertimuit,
1309 515 1379 560 sed
1408 515 1542 561 libera
1567 515 1789 562 voluntate

409 586 767 651 quiajuravei·at‚
789 602 842 630 ne
853 587 1066 648 pejeraret
1090 585 1270 648 excepit.
1300 587 1356 630 Et
1373 587 1573 631 Romana
1595 598 1698 633 tunc
1713 588 1787 634 illa

407 673 590 703 censura
614 655 756 702 noluit
775 655 958 711 habere,
982 655 1132 701 nonin
1151 672 1333 700 numero
1348 666 1617 713 sanctorum,
1645 658 1717 703 sed
1741 660 1788 705 in

407 746 588 776 numero
605 739 880 782 senatorum;
907 744 985 773 nec
1008 727 1053 773 in
1076 726 1243 773 coelesti
1265 727 1416 788 gloria,
1435 727 1509 774 sed
1529 729 1574 774 in.
1598 731 1787 777 terrestri

407 800 559 856 curia,
597 817 687 846 non
727 799 867 846 solum
901 815 971 844 eos
1006 799 1084 862 qui
1122 809 1240 844 metu
1276 800 1427 845 mortis
1456 799 1787 865 crudeliumque

404 889 641 938 poenarum
661 870 928 934 apertissime
948 873 1140 933 pejerare
1158 908 1167 925 ‚
1192 888 1322 933 quam
1342 871 1397 916 ad
1416 872 1625 917 immanes
1643 872 1788 922 hostes

403 959 594 989 remeare
617 941 887 997 maluerunt,
911 941 1133 986 sedetiam
1157 941 1280 987 illuni
1303 942 1379 1005 qui
1399 953 1518 989 reatu
1543 943 1720 1005 perjurii
1745 960 1787 993 se

402 1023 635 1081 putaverat
670 1011 946 1067 absolutum,
977 1012 1080 1074 quia
1103 1023 1201 1074 post
1217 1014 1483 1071 jurationem
1518 1014 1619 1059 ficta
1643 1015 1786 1060 nescio

401 1102 490 1149 qua
515 1083 764 1131 necessitate
796 1082 991 1128 redierat.
1025 1084 1090 1127 lta
1123 1100 1211 1128 non
1246 1084 1550 1140 attenderunt,
1578 1086 1654 1148 qui
1685 1103 1784 1132 eum

402 1167 552 1205 senatu
588 1154 882 1219 pepulerunt,
923 1153 1031 1217 quid
1065 1154 1158 1217 ipse
1187 1155 1378 1214 jurando
1421 1155 1677 1215 cogitasset,
1712 1156 1786 1204 sed

401 1226 512 1293 quid
545 1226 602 1273 ab
638 1225 714 1272 illo
742 1225 903 1288 quibus
920 1228 1142 1284 Juraverat
1159 1237 1447 1289 expectarent.
1476 1227 1566 1272 Nec
1595 1227 1786 1287 legerant

400 1298 522 1364 quod
550 1315 627 1344 nos
656 1313 968 1360 usquequaque
1000 1307 1226 1342 cantamus
1256 1315 1266 1342 :
1297 1319 1317 1339 «
1342 1297 1429 1354 Qui
1447 1301 1567 1357 Jurat
1588 1299 1784 1361 proximo

400 1393 422 1414 »
445 1388 522 1417 suo
539 1407 550 1427 ‚
581 1380 623 1415 et
639 1386 727 1415 non
747 1368 911 1431 decipit
926 1367 958 1414 ¹.
986 1389 1006 1409 »
1032 1368 1229 1414 Solemus
1250 1369 1347 1414 haec
1364 1406 1374 1424 ‚
1407 1369 1608 1432 quamvis
1627 1370 1673 1415 in
1696 1370 1783 1416 ho-

399 1442 595 1489 minibus
624 1460 647 1487 a
680 1440 846 1486 Christi
878 1439 1013 1500 gratia
1044 1450 1085 1484 et
1107 1440 1280 1485 nomine
1305 1440 1477 1496 alienis,
1500 1457 1601 1486 cum
1620 1441 1783 1501 ingenti

400 1513 687 1560 admiratione
704 1510 904 1566 laudare;
928 1521 970 1556 et
991 1510 1140 1556 adhuc
1166 1511 1211 1556 in
1231 1510 1356 1556 libris
1377 1510 1536 1556 divinis
1559 1511 1783 1575 inquiren·

401 1583 508 1631 dum
543 1595 750 1648 putamus
772 1620 782 1640 ‚
820 1594 968 1628 utrum
1009 1582 1245 1646 aliquando
1279 1582 1395 1627 licite
1428 1586 1665 1645 pejeremus
1705 1583 1782 1629 ubi

399 1656 527 1703 nobis
548 1673 601 1701 ne
629 1654 810 1715 jurandi
842 1653 1049 1699 facilitate
1090 1655 1135 1699 in
1180 1653 1422 1717 perjurium
1464 1653 1779 1717 prolabamur,

397 1727 526 1774 etiam
545 1737 818 1791 praeceptum
839 1736 900 1770 cst
919 1729 1188 1785 nejuremUS.

467 1799 541 1846 lV.
566 1797 683 1844 Illud
708 1815 807 1843 sane
831 1796 1064 1842 rectissime
1088 1796 1176 1842 dici
1197 1813 1285 1841 non
1305 1795 1479 1856 ambigo
1499 1816 1510 1850 3
1529 1814 1616 1842 non
1632 1814 1782 1843 secun-

398 1869 506 1916 dum
544 1868 677 1916 verba
697 1867 904 1929 jurantis,
933 1866 1006 1912 sed
1028 1866 1266 1913 secundum
1306 1866 1646 1930 expectationem
1667 1866 1783 1914 illius

399 1941 680 2000 cuiJuratur‚
701 1956 832 2003 quam
864 1938 986 1984 novit
1009 1939 1081 1984 ille
1107 1938 1184 2002 qui
1204 1942 1339 1998 jurat,
1385 1938 1516 1983 fidem
1547 1938 1783 1997 jurationis

399 2011 588 2075 impleri.
611 2012 721 2055 Nam
740 2010 871 2056 verba
896 2008 1151 2054 difficillime
1174 2008 1572 2070 comprehendunt,
1600 2009 1782 2055 maxime

398 2082 606 2137 breviter,
629 2080 882 2126 sententiam
907 2083 1031 2140 cujus
1057 2097 1079 2124 a
1100 2082 1278 2139 jurante
1299 2078 1405 2123 fides
1425 2078 1622 2138 exigitur.
1656 2078 1782 2125 Unde

399 2152 565 2217 perjuri
593 2162 719 2207 sunt,
749 2151 826 2214 qui
855 2151 1030 2196 servatis
1061 2150 1220 2203 verbis,
1246 2149 1586 2213 expectationem
1629 2166 1780 2196 eorum

399 2223 561 2287 quibus
578 2225 777 2280 Juratum
797 2232 856 2266 est
877 2220 1143 2284 deceperunt
1163 2237 1173 2264 ε
1202 2230 1244 2266 et
1264 2219 1431 2283 perjuri
1455 2236 1542 2264 non
1563 2229 1675 2273 sunt,
1703 2220 1781 2282 qui

399 2296 527 2340 etiam
544 2293 688 2339 verbis
711 2309 797 2338 uon
823 2292 1015 2347 servatis,
1037 2290 1146 2337 illud
1167 2291 1287 2354 quod
1309 2291 1364 2336 ab
1383 2290 1440 2335 eis
1458 2307 1559 2336 cum
1583 2293 1780 2350 jurarent

397 2375 668 2428 expectatum
694 2373 772 2419 est,
791 2362 1096 2426 impleverunt.
1129 2361 1320 2407 Proinde
1343 2361 1447 2425 quia
1475 2362 1782 2425 Hipponenses

398 2447 598 2482 sanctum
619 2435 851 2481 Pinianum
878 2452 966 2480 non
998 2434 1111 2480 sicut
1132 2433 1409 2487 damnatum,
1437 2432 1511 2478 sed
1536 2433 1648 2478 sicut
1665 2432 1778 2479 cha-

396 2507 616 2554 rissimum
648 2506 991 2552 inhabitatorem
1017 2522 1107 2552 suae
1125 2504 1313 2551 civitatis
1336 2503 1499 2549 habere
1523 2503 1774 2560 voluerunt,

393 2578 471 2626 etsi
492 2577 636 2625 verbis
655 2580 747 2637 ejus
766 2593 854 2624 non
874 2578 975 2625 satis
999 2575 1317 2640 comprehendi
1338 2574 1500 2639 potuit,
1523 2590 1657 2638 usque
1669 2573 1776 2624 adeo

442 2662 452 2685 ²
467 2660 553 2695 Psal.
571 2670 637 2699 xxv,
655 2666 687 2696 4.
