1902 3268
598 282 807 313 Eris‘rom
843 280 970 314 xcni.
1401 271 1487 332 193

119 366 204 399 non
228 361 400 415 posset,
427 366 528 396 cum
561 350 604 394 in
633 348 778 395 Africa
805 349 896 412 ipsa
913 386 924 405 ,
952 351 1166 412 quotjam
1197 359 1338 411 partes
1363 349 1490 394 t‘actae

118 423 204 469 sint
223 440 269 468 ex
287 432 409 486 parte
430 420 618 475 Donati,
645 421 677 466 si
699 419 1036 481 interrogemini,
1059 435 1145 465 non
1166 418 1340 465 dicatis:
1366 437 1486 484 prae-

118 493 263 540 sertim
283 494 385 558 quia
404 503 526 538 tanto
551 491 633 538 sibi
661 490 864 538 videntur
884 490 1060 555 quilioc
1084 489 1251 536 faciunt
1270 492 1488 551 J'ustiores,

121 575 286 629 quanto
316 563 477 610 fuerint
500 563 756 627 pauciores;
788 573 829 610 et
854 563 1002 627 utique
1025 572 1146 608 tanto
1170 572 1271 607 sunt
1297 561 1496 609 latentio-

122 653 200 683 res.
236 639 300 681 Ac
319 652 394 699 per
410 635 497 680 hoc
520 634 673 680 incerti
694 635 792 679 estis
809 671 819 689 ‚
845 651 898 679 ne
926 633 1037 679 forte
1058 631 1192 696 aliqui
1213 634 1343 695 pauci
1361 633 1493 693 justi,

123 717 165 751 et
185 705 282 752 ideo
303 705 481 751 minime
504 705 595 751 noti
617 743 626 752 .
662 704 829 750 alicubi
856 703 981 763 longe
1010 713 1161 749 contra
1192 702 1352 749 Africae
1371 704 1501 749 meri-

125 777 239 823 diem
256 814 267 833 ,
287 787 516 840 antequam
539 793 640 839 pars
666 775 824 820 Donati
839 774 1053 835 justitiam
1068 790 1189 820 suam
1210 790 1231 818 a
1245 784 1502 821 caeterorum

126 847 358 893 hominum
383 847 614 911 iniquitate
638 855 891 902 secerneret,
916 863 957 891 se
978 845 1181 909 primitus
1200 861 1329 890 causa
1349 846 1507 909 aequis-

128 919 234 965 sima
258 917 550 981 separaverint
575 917 619 962 in
655 916 785 962 latere
822 916 1066 980 Aquilonis,
1089 926 1130 961 et
1163 915 1258 979 ipsa
1283 916 1336 962 sit
1364 917 1508 981 potius

130 988 322 1034 Ecclesia
354 987 434 1033 Dei
472 998 683 1051 tanquam
722 987 827 1033 Sion
863 987 1089 1051 spiritaliS,
1127 1003 1228 1051 qua-3
1263 1004 1338 1033 vos
1363 1004 1512 1034 omnes

125 1062 248 1120 justa
272 1057 544 1122 separatione
567 1058 781 1122 praevenit
798 1094 808 1114 ,
839 1057 1064 1122 multoque
1088 1059 1401 1122 praesumptins
1431 1077 1514 1123 pro

134 1146 180 1176 se
200 1129 532 1193 interpretetur,
554 1128 674 1192 quod
700 1129 912 1192 scriptum
935 1139 1020 1184 est,
1047 1149 1067 1170 a
1088 1130 1212 1174 Mons
1233 1129 1362 1187 Sion,
1382 1129 1516 1176 latera

135 1221 155 1243 »
178 1199 408 1264 Aquilonis
423 1237 434 1256 ‚
462 1199 615 1246 civitas
636 1199 746 1259 regis
774 1200 919 1259 magni
938 1198 983 1253 13
1007 1221 1026 1241 >2
1047 1216 1177 1264 quam
1202 1217 1284 1263 pro
1313 1217 1355 1246 se
1378 1201 1516 1247 inter-

135 1281 341 1335 pretatur
373 1287 474 1335 pars
504 1271 696 1325 Donati,
725 1291 744 1311 «
774 1270 854 1315 tlbi
888 1272 1056 1333 pascis,
1085 1271 1158 1317 nbi
1186 1272 1320 1318 cubas
1344 1272 1387 1318 in
1423 1289 1519 1317 me-

145 1362 163 1381 »
188 1340 298 1386 ridie
314 1341 348 1387 ².
381 1362 400 1383 »

201 1411 362 1458 XXVI.
396 1412 450 1456 Et
478 1422 620 1458 tamen
659 1413 817 1459 vereris
837 1449 847 1468 ,
885 1430 937 1459 ne
960 1430 1060 1458 cum
1084 1413 1384 1476 imperialibus
1419 1414 1523 1475 legi-

137 1482 220 1528 bus
240 1481 295 1528 ad
320 1481 532 1528 unitatem
553 1482 787 1543 cogimini,
809 1500 967 1529 nomeu
989 1483 1070 1529 Dei
1095 1501 1117 1528 a
1135 1483 1301 1530 Judaeis
1324 1495 1365 1530 et
1389 1502 1523 1549 paga-

139 1553 204 1598 nis
235 1551 401 1598 diutius
434 1552 765 1617 blasphemetur
795 1570 805 1598 t
829 1554 953 1617 quasi
978 1553 1169 1600 nesciant
1196 1555 1342 1601 Judaei
1368 1572 1520 1619 queni-

141 1621 380 1669 admodum
422 1624 590 1687 primus
637 1623 832 1688 populus
876 1625 1010 1670 Israel
1045 1625 1172 1671 etiam
1218 1627 1332 1671 bello
1380 1626 1522 1673 delere

142 1692 329 1739 voluerit
352 1693 460 1740 duas
478 1694 572 1740 illas
597 1696 738 1741 tribus
759 1706 801 1741 et
818 1695 1045 1742 dimidiam
1064 1734 1074 1753 ‚
1101 1714 1201 1761 quae
1230 1698 1343 1745 ultra
1366 1697 1521 1744 Jorda-

145 1779 240 1808 nem
275 1773 406 1810 terras
443 1777 732 1829 acceperant,
768 1766 944 1830 quando
982 1784 1051 1813 eas
1089 1778 1357 1830 putaverunt
1383 1786 1427 1815 se
1464 1771 1520 1815 ab

146 1833 313 1880 unitate
334 1835 398 1880 sui
415 1836 570 1899 populi
593 1853 821 1899 separasse.
848 1838 1012 1897 Pagani
1036 1855 1138 1883 vero
1160 1839 1294 1899 magis
1308 1857 1385 1885 nos
1401 1840 1524 1885 blas—

150 1903 355 1967 phemare
373 1917 554 1969 possunt
578 1906 631 1952 de
655 1907 842 1967 legibus,
875 1925 981 1971 quas
1006 1919 1159 1955 contra
1186 1909 1401 1956 idolorum
1422 1910 1524 1956 cul-

150 1986 260 2021 tores
284 1975 511 2022 christiani
551 1978 837 2040 Imperatores
877 1980 1075 2025 tulerunt
1101 1997 1112 2025 ε
1139 1991 1181 2026 et
1208 1991 1352 2027 tamen
1384 1999 1431 2027 ex
1469 1982 1526 2027 eis

151 2046 278 2092 multi
310 2048 520 2103 correcti,
555 2059 596 2094 et
633 2049 685 2095 ad
721 2050 859 2095 Deum
887 2051 1035 2096 vivum
1061 2068 1299 2116 verumque
1334 2054 1529 2098 conversi

150 2129 278 2173 sunt,
308 2129 351 2165 et
378 2119 577 2183 quotidie
618 2132 950 2169 convertuntur.
991 2122 1077 2168 Sed
1102 2122 1229 2185 plane
1251 2134 1293 2169 et
1314 2123 1457 2170 Judaei
1488 2136 1530 2170 et

151 2189 338 2249 Pagani‚
374 2190 408 2236 si
441 2201 528 2236 tam
553 2208 716 2254 paucos
738 2203 943 2255 putarent
965 2210 1050 2239 esse
1071 2193 1343 2240 Christianos
1361 2231 1371 2250 ,
1397 2212 1530 2258 quam

152 2259 284 2322 pauci
304 2278 379 2306 vos
401 2262 516 2311 estis.
540 2263 615 2326 qui
639 2263 751 2309 solos
770 2281 844 2310 vos
868 2265 1128 2310 christianos
1148 2282 1235 2310 esse
1258 2266 1499 2328 perhibetis
1514 2305 1524 2323 ‚

156 2345 234 2374 nec
257 2329 562 2394 blasphemare
595 2351 671 2379 nos
704 2333 1013 2394 dignarentur.
1044 2335 1115 2381 sed
1140 2352 1366 2399 nunquam
1393 2336 1532 2383 ridere

156 2410 382 2446 cessarent.
416 2402 511 2446 Non
550 2403 705 2449 timetis
734 2421 784 2448 ne
810 2405 930 2450 vobis
965 2405 1113 2450 dicant
1146 2406 1289 2451 Judaei
1309 2443 1319 2463 ,
1356 2407 1440 2452 Ubi
1468 2423 1530 2454 cst

156 2469 274 2530 quod
301 2469 458 2517 Paulus
474 2484 608 2518 vester
630 2473 861 2520 Ecclesiam
886 2487 1068 2521 vestram
1094 2476 1315 2536 intelligit,
1339 2478 1415 2524 ubi
1431 2478 1531 2525 dic-

161 2547 253 2586 tum
281 2550 374 2586 est:
403 2562 423 2583 «
441 2543 609 2589 Lafftare
632 2544 784 2590 sterilis
806 2562 906 2609 <pite
927 2563 1011 2593 non
1038 2547 1178 2609 paris,
1206 2565 1386 2612 erumpe
1403 2560 1444 2595 et
1467 2567 1536 2596 ex-

209 2620 303 2651 lt'sa!
335 2633 433 2657 ,ην-ιι,
452 2627 481 2655 3,
503 2643 539 2648 —4
565 2625 579 2646 ‘2
597 2628 687 2657 (Iam.
718 2639 745 2662 ι,
764 2628 793 2658 6,

325 2695 467 2725 «exui.
1350 2686 1401 2733 13
