1902 3268
300 292 393 339 518
706 307 740 335 s.
787 301 1029 333 Auensrmi
1067 300 1269 332 EPISCOPI

294 373 512 437 promptis
530 372 649 436 quod
680 373 722 417 in
754 367 1181 415 reconditishabens.
1205 367 1288 413 Sed
1316 383 1367 413 ne
1387 378 1535 432 aperta
1556 367 1679 414 fasti-

296 443 509 498 direntnr,
534 442 683 487 eadem
726 455 873 485 rursus
898 447 1048 501 operta
1089 436 1404 496 desiderantur,
1440 438 1679 485 desiderata

296 514 486 577 quodam
512 511 642 557 modo
674 520 938 556 renovamur
958 545 968 565 ,
1017 519 1222 555 renovata
1254 510 1442 556 suaviter
1464 510 1680 556 intiman—

296 596 385 630 tur.
420 583 496 628 His
519 581 753 627 salubriter
798 590 839 625 et
861 596 997 643 prava
1028 579 1328 639 corriguntur,
1352 591 1393 626 et
1420 597 1553 644 parva
1592 597 1681 626 nu-

297 655 504 707 triuntur,
519 663 559 698 et
577 669 731 712 magna
752 650 1230 710 oblectanturingenia.
1254 650 1449 697 lllehuic
1470 651 1683 697 doctrinae

295 724 498 778 inimicus
525 733 587 768 est
616 722 802 776 animus,
838 721 914 784 qui
940 720 1008 766 vel
1032 720 1217 766 errando
1237 738 1330 767 eam
1352 722 1489 768 nescit
1509 738 1594 768 esse
1612 738 1684 767 sa-

296 794 603 847 luberrimam,
627 793 694 838 vel
717 792 811 837 odit
827 790 1078 851 aegrotando
1098 791 1372 839 medicinam.

361 866 481 911 XIX.
508 864 636 909 Vides
651 881 779 927 quam
803 863 1015 926 prolixam
1038 862 1266 926 epistolam
1285 863 1459 909 fecerim
1479 866 1497 908 9
1520 861 1685 926 Siquid

298 952 398 995 ergo
424 946 463 980 te
488 945 648 989 movet,
679 945 806 997 atque
832 934 945 979 inter
979 951 1057 979 nos
1086 935 1344 997 pertractari
1392 934 1500 980 tanti
1527 933 1683 989 habes,

300 1023 388 1051 non
418 1005 499 1050 tibi
532 1004 664 1050 faciat
685 1004 902 1064 angustias
923 1005 1179 1050 usitatarum
1221 1005 1507 1068 epistolarum
1527 1041 1537 1061 ,
1571 1003 1692 1050 velut

301 1075 610 1123 custodiendus
636 1075 820 1121 modusz
850 1076 951 1139 quia
972 1085 1014 1120 et
1036 1076 1200 1138 optime
1219 1076 1333 1121 nosti
1351 1090 1485 1139 quam
1511 1073 1694 1135 grandes

303 1165 372 1193 eas
392 1157 552 1193 veteres
578 1146 832 1202 habuerint,
863 1163 966 1192 cum
992 1145 1157 1210 aliquid
1182 1157 1373 1206 agerent,
1412 1145 1533 1209 quod
1558 1145 1694 1209 expli-'-

305 1235 402 1264 care
427 1219 617 1263 breviter
638 1235 726 1263 non
751 1218 956 1264 valerent.
986 1218 1041 1263 Et
1065 1218 1099 1263 si
1126 1228 1355 1264 auctorum
1377 1217 1434 1263 ad
1455 1216 1559 1263 alias
1575 1217 1696 1262 litte-

307 1307 375 1335 ras
394 1289 724 1352 pertinentium,
748 1306 840 1335 mos
856 1299 960 1335 esset
977 1288 1113 1343 alius3
1142 1299 1389 1334 nostrorum
1412 1288 1598 1333 nobisin
1611 1287 1697 1333 hac

310 1378 354 1406 re
374 1359 545 1420 dignius
565 1359 779 1405 imitanda
792 1360 1064 1423 praeberetur
1091 1360 1338 1406 auctoritas.
1364 1358 1536 1422 Inspice
1553 1358 1699 1422 itaque

312 1430 493 1476 modum
520 1430 802 1493 epistolarum
820 1430 1176 1493 apostolicarum,
1206 1430 1273 1476 vel
1297 1447 1447 1476 eorum
1472 1430 1600 1476 etiam
1621 1430 1699 1494 qui

312 1500 386 1546 illa
415 1500 563 1545 divina
592 1500 766 1563 eloquia
800 1511 1134 1546 tractaverunt:
1171 1511 1212 1546 et
1246 1517 1333 1546 non
1371 1501 1516 1564 pigeat
1554 1511 1593 1544 te
1633 1498 1700 1545 vel

315 1571 450 1617 multa
474 1571 711 1634 quaerendo
745 1588 1004 1634 proponere,
1034 1571 1066 1616 si
1091 1571 1227 1616 multa
1253 1582 1293 1616 te
1330 1580 1613 1634 permovent3
1633 1568 1701 1615 vel

317 1641 539 1705 aliquanto
564 1640 728 1686 diutius
756 1658 922 1686 versare
943 1641 1065 1705 quod
1089 1642 1250 1705 quaeris
1270 1678 1280 1697 ‚
1305 1652 1353 1687 ut
1370 1651 1587 1705 quantum
1610 1639 1703 1686 fieri

319 1728 395 1775 per
411 1711 514 1756 tales
536 1711 684 1774 quales
705 1728 851 1757 sumus
869 1722 1026 1775 potest,
1055 1723 1142 1757 no'n
1167 1722 1385 1758 remaneat
1416 1710 1704 1757 dubitationis

318 1781 540 1835 nubilum,
570 1781 691 1845 quod
716 1782 860 1827 obstet
881 1782 1037 1828 lumini
1063 1783 1266 1830 veritatis.

385 1854 482 1899 XX.
509 1853 610 1898 Scio
639 1854 752 1899 enim
785 1854 1078 1899 excellentiam
1109 1865 1246 1910 tuam,
1282 1852 1577 1917 quorumdam
1599 1869 1704 1916 per-

321 1924 408 1987 peti
423 1924 780 1970 obstinatissimas
795 1925 1175 1982 contradictiones,
1193 1926 1268 1988 qui
1284 1936 1515 1988 propterea
1532 1933 1704 1988 putant,

320 1995 388 2041 vel
421 1995 568 2057 putari
607 1995 762 2040 volunt
800 1995 1098 2041 Christianam
1127 1996 1370 2042 doctrinam
1402 1995 1580 2040 utilitati
1617 2011 1706 2040 non

323 2065 554 2111 convenire
586 2066 872 2129 reipublicae,
901 2066 1005 2130 quia
1048 2066 1203 2113 nolunt
1234 2077 1345 2112 stare
1383 2065 1706 2129 rempublicam

323 2135 529 2182 firmitate
546 2135 779 2193 virtutum,
808 2137 880 2183 sed
905 2138 1169 2201 impunitate
1190 2138 1411 2184 vitiorum.
1444 2137 1544 2182 Non
1564 2146 1707 2182 autem

322 2206 436 2252 sicut
462 2205 549 2265 regi
570 2206 755 2264 homini,
776 2207 840 2253 vel
862 2208 1046 2253 cuilibet
1065 2208 1257 2272 principi
1276 2206 1481 2263 civitatis,
1500 2206 1558 2252 ita
1578 2206 1708 2252 etiam

325 2279 417 2335 Deo
432 2277 650 2341 quidquid
667 2296 687 2323 a
710 2278 857 2324 multis
871 2290 1081 2341 peccatur
1097 2280 1287 2325 inultum
1309 2290 1384 2325 est.
1410 2277 1708 2324 Misericordia

326 2365 427 2395 vero
454 2352 545 2408 ejus
570 2360 610 2394 et
634 2350 771 2409 gratia
806 2350 1046 2414 praedicata
1088 2351 1344 2396 hominibus
1382 2367 1461 2413 per
1484 2349 1708 2395 hominem

327 2420 575 2477 Christum,
615 2422 842 2485 impartita
882 2433 1022 2469 autem
1051 2441 1130 2487 per
1165 2424 1307 2468 Deum
1344 2422 1512 2485 Deique
1548 2420 1706 2466 Filium

325 2490 528 2537 eumdem
547 2491 693 2554 ipsum
714 2493 958 2549 Christum,
977 2511 1066 2539 non
1084 2493 1322 2540 deseriteos
1345 2494 1421 2556 qui
1441 2509 1486 2538 ex
1508 2495 1599 2552 ejus
1623 2489 1709 2536 fide

325 2560 497 2617 vivunt,
525 2578 712 2625 eumque
729 2564 801 2626 pie
819 2564 990 2621 colunt,
1016 2564 1106 2611 sive
1120 2564 1234 2610 mala
1258 2564 1393 2625 hujus
1415 2563 1518 2609 vitae
1531 2561 1709 2624 patien-

330 2643 394 2677 ter
413 2632 666 2695 fortiterque
684 2634 975 2697 experiantur,
1005 2635 1091 2680 sive
1108 2635 1234 2680 honis
1269 2637 1359 2695 eJus
1377 2631 1709 2679 misericorditer
