1902 3268
606 327 816 358 ErtsroLA
857 326 1054 356 cxxxvu.
1428 313 1519 375 509

140 396 220 442 tias
237 431 247 450 ,
285 404 458 440 uterum
495 392 747 453 virginalem
786 409 874 438 non
899 391 1137 438 adventitio
1154 429 1164 448 ‚
1206 394 1278 438 sed
1316 393 1517 454 indigena

139 464 370 530 puerperio
391 463 693 516 foecundavit;
721 464 814 527 ipsa
838 462 921 508 sibi
955 462 1143 508 animam
1178 463 1449 518 rationalem,
1477 475 1520 509 et

139 553 218 600 per
242 534 435 581 eamdem
455 536 583 580 etiam
606 551 767 597 corpus
796 533 1065 588 humanum,
1093 544 1318 598 totumque
1341 536 1518 580 omnino

139 606 362 653 hominem
385 605 430 650 in
455 603 608 650 melius
632 603 914 659 mutandum,
945 603 1066 649 nullo
1092 602 1223 649 modo
1262 605 1306 649 in
1335 604 1521 651 deterius

140 686 308 722 mutata
347 674 570 738 coaptavit
595 692 605 719 :
648 691 806 719 nomen
830 674 1115 719 humanitatis
1141 674 1197 719 ab
1217 691 1266 720 eo
1290 674 1521 735 dignanter

143 762 376 800 assumenS‚
402 744 642 790 divinitatis
661 745 697 789 ci
723 744 895 803 largiter
925 744 1133 790 tribuens.
1167 745 1266 807 Ipsa
1289 747 1426 793 virtus
1444 766 1522 811 per

141 815 363 863 inviolatae
385 815 534 861 matris
554 814 741 874 virginea
760 814 938 871 viscera,
954 814 1149 859 membra
1162 814 1340 862 infantis
1356 818 1519 876 eduxit,

143 902 243 950 quae
267 895 420 949 postea
442 902 522 948 per
544 884 688 930 clausa
717 884 823 930 ostia
854 884 1051 929 membra
1070 886 1242 944 juvenis
1262 887 1516 938 introduxit.

144 957 230 1003 Hic
248 957 282 1002 si
315 957 425 1002 ratio
449 955 663 1020 quaeritur
683 993 694 1012 ,
721 972 808 1001 non
833 956 914 1000 erit
937 955 1136 1001 mirabile
1164 974 1173 1001 :
1218 958 1250 1002 si
1277 960 1521 1023 exemplum

144 1027 359 1091 poscitur,
383 1043 471 1071 non
495 1027 577 1071 crit
600 1025 827 1086 singulare.
856 1026 1014 1070 Demus
1033 1026 1172 1072 Deum
1194 1028 1359 1092 aliquid
1380 1050 1521 1095 posse,

145 1096 267 1161 quod
291 1113 372 1142 nos
404 1095 618 1141 fateamur
640 1096 895 1155 investigare
922 1113 1006 1141 non
1031 1113 1168 1159 posse.
1205 1099 1254 1143 ln
1281 1101 1439 1148 talibus
1455 1120 1526 1150 re-

147 1167 232 1213 bus
254 1177 341 1213 tota
366 1167 476 1212 ratio
494 1166 599 1212 facti
624 1177 685 1212 est
700 1166 894 1230 potentia
912 1167 1121 1214 facientis,

212 1238 291 1283 IX.
314 1237 413 1282 Jam
438 1236 549 1282 illud
572 1237 691 1300 qnod
709 1238 754 1282 in
773 1254 943 1282 somnos
962 1237 1161 1294 solvitur,
1186 1251 1226 1285 et
1247 1240 1349 1287 cibo
1373 1242 1520 1300 alitur,

147 1318 190 1354 et
222 1324 369 1353 omnes
400 1307 616 1352 humanos
646 1307 774 1353 sentit
801 1308 1004 1364 affectus,
1044 1307 1266 1356 hominem
1292 1313 1525 1374 persuadet

149 1377 404 1424 hominibus
419 1414 429 1433 ‚
459 1393 587 1440 quem
608 1395 693 1422 non
715 1377 985 1440 consumpsit
1003 1377 1156 1440 utique
1175 1379 1248 1425 sed
1273 1385 1518 1447 assumpsit.

151 1451 264 1493 Ecce
282 1447 344 1493 sic
363 1447 526 1492 factum
546 1458 630 1505 est3
649 1458 690 1493 et
712 1458 852 1493 tamen
880 1447 1059 1511 quidam
1093 1448 1304 1505 haeretici,
1330 1469 1528 1514 perverse

150 1518 350 1564 mirando
372 1517 682 1581 laudandoque
700 1521 792 1577 ejus
808 1517 1032 1572 virtutem,
1057 1528 1256 1564 naturam
1290 1520 1530 1572 humanam

149 1589 194 1634 in
222 1605 272 1633 eo
297 1604 474 1651 prorsus
498 1604 727 1646 agnoscere
747 1587 998 1640 noluerunt,
1025 1587 1102 1633 uhi
1133 1599 1196 1634 est
1219 1591 1359 1637 omnis
1379 1595 1529 1653 gratiae

152 1657 493 1713 commendatio,
517 1675 602 1721 qna
626 1657 763 1703 salvos
777 1658 881 1703 facit
895 1658 1116 1704 credentes
1132 1658 1178 1703 in
1203 1676 1262 1714 se,
1287 1662 1530 1723 profundos

154 1729 378 1775 thesauros
401 1729 624 1793 sapientiae
641 1740 683 1775 et
707 1729 898 1775 scientiae
919 1729 1160 1785 confinem,
1196 1742 1236 1775 et
1262 1732 1346 1778 fide
1371 1746 1532 1783 mentes

155 1800 381 1857 imbuens,
409 1817 514 1863 quas
554 1800 607 1845 ad
646 1811 851 1846 aeternam
891 1800 1302 1863 contemplationem
1345 1806 1533 1854 veritatis

155 1871 528 1918 incommutabilis
541 1871 771 1934 provehat.
797 1871 915 1928 Quid
935 1872 969 1917 si
993 1872 1283 1935 Omnipotens
1309 1874 1531 1925 hominem

157 1942 425 2005 ubicumque
460 1941 694 1987 formatum
721 1959 808 1987 non
834 1959 880 1987 ex
900 1953 1094 1988 materno
1127 1953 1247 1989 utero
1263 1959 1439 2003 crearet,
1461 1949 1534 1996 sed

156 2013 432 2076 repentinum
458 2011 634 2058 inferret
658 2013 938 2076 aspectibus?
975 2013 1093 2069 Quid
1125 2013 1158 2058 si
1187 2015 1325 2061 nullas
1360 2035 1405 2063 ex
1426 2036 1533 2082 par-

156 2083 261 2131 vulo
284 2083 326 2128 in
344 2086 570 2143 juventam
598 2093 784 2128 mutaret
820 2093 994 2139 aetates,
1033 2084 1173 2129 nullos
1208 2085 1329 2131 cibos
1347 2124 1357 2143 ,
1392 2089 1534 2136 nullos

159 2164 332 2218 caperet
369 2171 569 2207 somnos;
596 2170 742 2199 nonne
777 2153 1027 2216 opinionem
1051 2155 1329 2201 confirmaret
1353 2160 1531 2216 erroris,

155 2243 236 2272 nec
251 2225 475 2271 hominem
497 2241 646 2270 verum
661 2226 896 2287 suscepisse
931 2224 1018 2269 ullo
1038 2224 1165 2269 modo
1196 2225 1470 2283 crederetur3
1492 2241 1533 2276 et

161 2296 266 2342 dum
293 2296 437 2341 omnia
454 2294 712 2340 mirabiliter
730 2292 865 2350 facit,
894 2286 1078 2340 auferret
1097 2295 1216 2358 quod
1244 2296 1538 2346 misericordi-

163 2379 227 2414 ter
260 2367 392 2413 fecit?
422 2367 550 2412 Nunc
589 2382 690 2411 vero
718 2365 777 2410 ita
808 2366 919 2410 inter
961 2368 1104 2410 Deum
1141 2376 1182 2411 et
1217 2366 1413 2414 homines
1449 2372 1539 2417 Me-

164 2437 306 2484 diator
325 2437 546 2501 apparuit,
567 2446 615 2481 ut
647 2436 692 2481 in
716 2435 878 2481 unitate
902 2452 1099 2498 personae
1122 2436 1334 2500 copulans
1370 2450 1539 2488 utram-

165 2525 250 2574 que
270 2519 470 2554 naturam
487 2545 498 2564 ,
542 2518 584 2553 et
620 2507 743 2553 solita
781 2507 1037 2553 sublimaret
1059 2507 1267 2565 insolitis,
1299 2519 1342 2555 et
1368 2510 1541 2563 insolita

166 2579 300 2627 solitis
318 2588 590 2644 temperaret.
