1902 3268
683 279 894 309 EPISTOLA
931 280 1020 311 cxi.
1460 269 1552 333 349

177 355 240 391 est
266 343 467 408 captivus
490 360 638 390 earum
676 345 791 389 Deus
808 381 818 399 ‚
854 361 932 390 nec
966 344 1162 409 captivas
1186 344 1343 392 deserit
1360 364 1458 394 suas
1478 387 1489 405 ,
1521 351 1556 396 si

176 414 298 460 novit
327 430 436 461 suas,
466 416 578 460 Nam
597 425 639 461 et
658 413 721 460 illi
749 416 887 460 sancti
911 432 1099 479 quorum
1124 416 1343 479 passiones
1369 428 1412 463 et
1444 436 1554 464 con—

173 483 373 530 fessiones
399 483 453 530 de
473 483 714 548 Scripturis
731 485 889 531 sanctis
908 487 1263 543 commemoravi,
1285 487 1341 533 ab
1354 488 1557 535 hostibus

174 554 298 600 ducti
316 566 445 619 atque
462 555 508 601 in
531 555 782 620 captivitate
797 556 925 620 positi
940 595 951 614 ,
977 557 1052 603 illa
1075 557 1276 604 dixerunt
1295 596 1306 616 ,
1328 576 1428 622 quae
1448 576 1552 605 con-

173 626 337 689 scripta
366 626 611 686 legerentur
635 644 658 672 a
689 628 843 683 nobis,
879 639 926 674 ut
956 628 1219 675 disceremus
1254 630 1450 693 captivos
1469 631 1554 677 Dei

172 713 315 743 servos
347 714 435 742 non
467 697 605 742 deseri
644 716 666 743 a
703 699 892 743 Domino
932 715 1023 744 su0.
1069 699 1193 744 Unde
1219 709 1362 744 autem
1393 701 1553 746 scimus

169 766 279 830 quid
305 767 434 812 etiam
457 784 538 831 per
574 767 675 813 istas
707 769 982 831 omnipotens
1015 779 1057 813 et
1095 769 1336 815 misericors
1368 770 1484 814 Deus
1507 771 1552 816 in

169 836 264 900 ipsa
289 847 401 884 terra
423 838 658 885 barbarica
686 839 780 884 fieri
798 838 903 884 velit
931 838 1198 884 mirabilium
1215 856 1407 885 suorum.
1430 841 1552 885 Tan-

172 918 264 954 tum
290 926 380 954 non
405 909 574 954 cessetis
594 925 676 972 pro
695 908 779 954 illis
800 909 1079 969 ingemiscere
1098 909 1150 955 ad
1176 913 1338 965 Deum,
1362 919 1403 954 et
1423 927 1550 974 quae-

168 994 259 1024 rere
280 989 498 1042 quantum
528 978 734 1041 potestis,
761 989 802 1024 et
822 989 1035 1042 quantum
1059 979 1150 1043 ipse
1175 980 1418 1043 permittit,
1447 997 1550 1026 cum

168 1059 340 1113 tempus
364 1060 407 1095 et
426 1049 680 1096 facultatem
700 1048 885 1105 dederit,
905 1050 1011 1113 quid
1035 1050 1088 1096 de
1106 1051 1191 1097 illis
1206 1050 1369 1096 factum
1392 1052 1462 1107 sit,
1481 1051 1550 1097 vel

166 1135 267 1182 quae
285 1131 426 1168 vestra
450 1120 620 1184 possint
643 1119 807 1165 habere
831 1119 998 1167 solatia.
1029 1122 1141 1166 Nam
1167 1121 1220 1167 de
1238 1120 1429 1166 Sitifensi
1451 1132 1550 1167 ante

165 1206 330 1252 paucos
349 1207 483 1236 annos
503 1189 650 1235 Severi
668 1189 865 1253 episcopi
881 1190 1021 1253 neptis
1035 1190 1377 1236 sanctimonialis
1399 1209 1422 1236 a
1437 1191 1547 1236 bar-

164 1259 282 1305 baris
305 1259 439 1306 ducta
459 1270 539 1314 est,
567 1269 610 1305 et
631 1276 710 1322 per
723 1259 969 1305 mirabilem
990 1261 1068 1306 Dei
1091 1260 1430 1307 misericordiam
1446 1277 1547 1306 cum

163 1328 331 1376 honore
352 1347 511 1391 magno
541 1330 627 1375 suis
644 1330 903 1392 parentibus
924 1330 1121 1377 restituta
1139 1343 1214 1378 est.
1251 1332 1416 1376 Domus
1430 1332 1546 1377 enim

163 1399 237 1446 illa
259 1401 550 1448 barbarorum
565 1436 576 1458 ,
601 1399 680 1445 ubi
704 1401 878 1463 captiva
901 1401 1090 1461 ingressa
1116 1412 1207 1458 est,
1241 1402 1387 1447 subita
1405 1402 1545 1465 coepit

163 1469 445 1517 dominorum
468 1470 722 1517 infirmitate
732 1470 910 1530 jactari,
938 1471 999 1517 ita
1018 1482 1066 1517 ut
1083 1489 1230 1517 omnes
1244 1472 1540 1534 ipsibarbari,

164 1551 247 1587 tres
264 1542 346 1588 nisi
370 1541 516 1597 fallor,
539 1541 609 1588 vel
629 1540 818 1604 amplius
842 1540 1017 1598 fratres,
1040 1542 1402 1605 periculosissima
1426 1542 1545 1587 infir-

164 1612 312 1658 mitate
335 1612 600 1658 laborarent.
637 1612 838 1668 Quorum
865 1623 1002 1658 mater
1020 1612 1327 1659 animadvertit
1352 1611 1543 1675 puellam

162 1684 257 1728 Deo
278 1682 469 1729 deditam
489 1719 500 1739 ‚
537 1692 579 1727 et
597 1681 785 1727 credidit
809 1682 930 1748 qqod
965 1687 1056 1743 ejus
1081 1683 1353 1729 orationibus
1378 1683 1444 1728 sui
1466 1683 1545 1729 filii

161 1764 338 1815 possent
357 1754 412 1799 ab
432 1752 696 1798 imminentis
722 1756 815 1811 jam
842 1753 994 1799 mortis
1014 1753 1211 1816 periculo
1229 1753 1433 1807 liberari3
1460 1770 1542 1815 pe-

163 1823 261 1869 tivit
274 1834 324 1869 ut
342 1835 484 1870 oraret
501 1839 582 1886 pro
603 1822 678 1878 eis,
702 1822 915 1885 pollicens
934 1823 1072 1886 quod,
1091 1823 1123 1868 si
1139 1823 1247 1869 salvi
1259 1823 1362 1868 facti
1385 1834 1540 1877 essent,

161 1909 253 1939 eam
271 1894 357 1940 suis
384 1893 639 1957 parentibus
665 1891 909 1937 redderent.
945 1894 1168 1953 Jejunavit
1201 1892 1275 1938 illa
1298 1903 1340 1937 et
1365 1893 1503 1938 oravit
1526 1930 1537 1947 ‚

161 1974 203 2009 et
224 1963 424 2009 exaudita
455 1964 665 2009 continuo
705 1971 778 2009 est.
828 1961 895 2007 Ad
933 1962 1020 2008 hoc
1060 1963 1175 2008 enim
1211 1961 1376 2007 factum
1412 1971 1503 2007 erat
1525 1997 1538 2017 ‚

160 2045 375 2096 quantum
398 2034 532 2080 exitus
556 2032 724 2078 docuit.
750 2032 818 2077 Ita
837 2031 901 2077 illi
922 2042 1008 2078 tam
1026 2032 1256 2096 repentino
1278 2031 1359 2077 Dei
1378 2031 1542 2076 benefi-

160 2103 230 2148 cio
262 2102 398 2149 salute
425 2112 634 2166 percepta
650 2138 661 2158 ‚
688 2101 893 2146 mirantes
914 2119 1008 2147 eam
1027 2112 1069 2147 et
1087 2102 1351 2149 honorantes
1374 2137 1385 2158 ,
1422 2099 1543 2164 quod

160 2189 312 2218 eorum
334 2183 472 2218 mater
493 2171 753 2236 promiserat
776 2171 1084 2234 impleverunt.

226 2243 348 2289 VIII.
386 2243 477 2288 Ora
500 2259 600 2302 ergo
629 2243 767 2286 Deum
786 2258 867 2303 pro
891 2241 949 2286 eis
968 2278 979 2297 ‚
1007 2253 1049 2287 et
1075 2258 1178 2301 roga
1204 2251 1252 2286 ut
1275 2240 1403 2286 etiam
1426 2239 1542 2303 ipsas

161 2312 314 2358 doceat
332 2312 433 2358 taiia
457 2312 617 2368 dicere,
641 2311 788 2374 qualia
809 2328 940 2376 supra
962 2323 1226 2358 memoratus
1245 2321 1416 2357 sanctus
1435 2311 1539 2356 Aza-

163 2384 241 2429 tias
263 2420 273 2441 ,
302 2384 413 2429 inter
433 2394 589 2429 caetera
614 2383 660 2427 in
682 2382 877 2428 oratione
902 2393 943 2427 ct
964 2382 1228 2428 confessione
1251 2398 1328 2427 sua
1350 2380 1467 2426 fudit
1485 2378 1542 2427 ad

164 2454 317 2499 Deum.
346 2454 420 2499 bic
443 2453 557 2499 enim
573 2463 673 2498 sunt
688 2451 775 2497 illae
800 2452 845 2497 in
862 2462 976 2498 terra
997 2452 1264 2516 captivitatis
1292 2468 1381 2497 suae
1396 2488 1407 2508 ,
1424 2467 1540 2514 quo-

160 2523 292 2570 modo
321 2534 444 2570 erant
468 2523 533 2570 illi
557 2523 602 2569 in
623 2540 671 2568 ea
692 2533 830 2581 terra,
848 2523 925 2568 ubi
945 2540 1025 2568 nec
1050 2524 1293 2570 sacrificare
1322 2538 1442 2567 more
1466 2537 1542 2566 suo

165 2604 370 2658 poterant
407 2594 648 2641 Dominum
669 2630 681 2652 ,
723 2592 837 2641 sicut
866 2610 947 2640 nec
976 2593 1069 2641 istae
1096 2604 1309 2658 possunt,
1341 2591 1410 2640 vel
1435 2590 1545 2637 ferre
