1902 3268
344 273 432 318 262
746 291 780 319 s.
827 290 1069 322 Aijuus‘riul
1105 292 1308 323 EPlSCOPI

339 354 466 409 riam,
491 353 553 400 'vel
574 355 685 401 salus
710 356 803 419 ipsa
838 356 1003 403 diversa
1029 368 1104 405 est.
1138 360 1226 405 Nec
1252 359 1352 423 quia
1375 376 1460 407 una
1480 360 1717 423 eademque

340 442 425 477 res,
454 425 561 480 aliis,
585 436 713 487 atque
735 426 826 470 aliis
850 428 981 472 sacris
1004 440 1045 473 et
1069 431 1346 476 sacramentis
1365 431 1430 478 vel
1451 430 1718 494 praedicatur

344 506 419 541 aut
439 495 743 557 prophetatur,
769 496 866 541 ideo
883 497 986 541 alias
1005 509 1132 561 atque
1148 499 1247 545 alias
1270 518 1353 555 res,
1377 501 1444 547 vel
1464 501 1566 546 alias
1590 512 1719 563 atque

348 566 448 610 alias
474 566 627 610 saluus
656 577 823 628 oportet
848 567 1040 626 intelligi.
1079 569 1200 624 Quid
1238 581 1380 615 autem
1416 571 1592 634 quando
1643 571 1721 615 fiat

343 635 459 699 quod
484 635 535 680 ad
558 653 686 681 unam
706 637 989 702 caimlemque
1010 638 1213 685 fidelium·
1232 651 1273 685 et
1295 641 1469 704 piorum
1493 640 1720 686 liberatio-

342 725 439 752 nem
464 707 690 771 pertineat,
709 709 936 754 consilium
967 714 1055 755 ‘ilco
1076 711 1337 765 tribuamus,
1369 712 1494 757 nobis
1509 710 1723 756 obedien-

345 778 448 823 tiam
482 788 714 825 teneamus.
747 779 935 825 Proinde
960 779 1052 826 aliis
1087 792 1191 827 tune
1226 783 1478 827 nominibus
1511 792 1552 827 et
1576 781 1723 841 signis,

351 848 444 894 aliis
468 859 609 894 autem
643 867 783 908 nunc,
814 861 855 896 et
882 851 1003 914 prius
1029 851 1243 898 occultius
1268 863 1415 916 postea
1443 850 1726 905 manifestius,

353 930 392 965 et
409 920 529 984 prius
547 938 569 965 a
590 922 891 983 paucioribus,
921 934 1067 986 postea
1089 942 1111 969 a
1137 923 1209 987 plu
1220 925 1356 975 ribus,
1383 941 1468 969 una
1492 933 1637 968 tamen
1655 938 1729 967 ea-

351 989 537 1052 demque
556 991 704 1052 religio
722 1009 820 1038 vera
838 993 1107 1053 significatur
1120 1005 1160 1040 et
1185 995 1454 1042 observatur.

416 1055 544 1109 thl.
578 1064 665 1108 rx'ec
683 1081 760 1108 nos
776 1064 834 1109 eis
857 1064 1109 1124 objicimuS,
1145 1064 1264 1129 quod
1284 1065 1407 1111 aliter
1428 1066 1569 1111 Numa
1595 1063 1731 1109 Pom-

353 1132 486 1197 pilIus
509 1132 611 1178 deos
625 1133 830 1179 colendos
848 1135 1056 1180 Romanis
1074 1135 1277 1190 instituit,
1307 1146 1436 1198 atque
1457 1135 1578 1180 aliter
1597 1134 1651 1179 ab
1675 1132 1734 1178 eis

353 1204 419 1248 vel
442 1203 560 1248 Italis
586 1214 707 1249 antea
735 1204 1012 1260 colebantur,
1030 1223 1108 1251 nec
1127 1205 1244 1269 quod
1264 1206 1546 1270 Pythagoreis
1569 1216 1736 1267 tempo-

353 1276 477 1321 ribus
511 1275 583 1321 itta
618 1276 903 1340 philosophia
936 1277 1150 1323 celebrata
1175 1289 1255 1330 est,
1278 1295 1379 1342 quae
1400 1288 1525 1323 antea
1547 1276 1613 1321 vel
1637 1293 1736 1320 om-

354 1346 459 1392 nino
480 1364 568 1392 nou
587 1357 697 1403 erat,
720 1347 785 1392 vel
809 1348 852 1392 in
878 1348 1148 1411 paucissimis
1163 1349 1311 1394 eadem
1329 1348 1628 1401 sentientibus,
1651 1362 1738 1390 non

359 1428 499 1463 tamen
514 1417 662 1463 eodem
681 1418 767 1464 ritu
788 1419 1034 1463 viventibus
1053 1422 1229 1465 lot-tasse
1248 1418 1475 1464 latitabat:
1501 1418 1573 1462 secl
1594 1427 1738 1462 utrum

359 1487 423 1534 illi
451 1488 526 1545 dii,
545 1489 633 1535 veri
661 1500 734 1534 aut
777 1489 947 1535 colendi
969 1490 1080 1544 sint3
1114 1501 1153 1535 et
1179 1501 1324 1536 utrum
1353 1489 1426 1535 illa
1457 1486 1741 1552 philosophia

362 1560 603 1606 animarum
622 1560 748 1606 saluti
765 1561 928 1625 aliquid
954 1563 1104 1626 prosit,
1134 1561 1220 1608 hoc
1246 1580 1345 1608 cum
1372 1562 1429 1606 cis
1452 1561 1634 1620 agimus,
1656 1558 1742 1602 lioc

361 1631 405 1677 in
426 1632 708 1695 quaestionem
735 1649 957 1688 vocamus,
1005 1634 1090 1679 hoe
1134 1632 1400 1697 disputando
1440 1629 1737 1678 convellimus.

363 1702 573 1748 Desinant
597 1703 729 1762 igitar
751 1703 942 1763 objicere
966 1703 1109 1761 nobis,
1133 1704 1254 1769 quod
1274 1704 1391 1750 omni
1407 1714 1552 1759 sectae,
1571 1698 1746 1747 etomni

365 1772 531 1819 nomini
559 1773 774 1835 religionis
792 1774 925 1834 objici
950 1786 1107 1839 potest.
1151 1776 1263 1821 Cum
1290 1775 1402 1833 enim
1442 1791 1529 1820 non
1565 1770 1746 1819 fortuito

368 1843 476 1895 tabi,
501 1844 573 1890 sed
599 1845 745 1892 divina
768 1845 1044 1910 providentia
1064 1858 1254 1910 tempora
1286 1846 1479 1892 ordinari
1510 1845 1743 1897 fateantur,

368 1915 474 1980 quid
492 1917 650 1980 cuique
665 1917 846 1980 tempori
864 1927 1015 1980 aptum
1033 1928 1074 1962 et
1094 1928 1400 1980 opportunum
1414 1917 1485 1973 sit,
1504 1915 1749 1961 humanum

368 1987 597 2033 eonsilium
626 1988 999 2051 preetergreditur,
1029 1999 1070 2034 et
1091 1982 1212 2034 illinc
1231 1987 1503 2050 dispertitur,
1527 1984 1658 2032 undei
1673 1999 1750 2047 psa

368 2057 642 2120 providentia
666 2058 795 2103 rebus
817 2058 1019 2105 consulit.

438 2130 556 2177 XIV.
590 2129 634 2174 Si
660 2130 772 2175 enim
794 2129 996 2185 dixerint,
1012 2140 1240 2193 propterea
1253 2147 1340 2175 non
1361 2145 1530 2192 semper
1553 2142 1632 2172 nee
1648 2123 1753 2169 ubi-

373 2220 458 2267 que
493 2201 622 2247 fuisse
650 2201 995 2264 pythagoricam
1020 2201 1328 2266 disciplinam,
1358 2201 1460 2265 quia
1483 2198 1755 2263 Pythagoras

380 2275 512 2320 homo
528 2271 629 2330 fuit,
658 2289 796 2336 neque
819 2272 906 2317 hoe
927 2272 972 2318 in
994 2283 1203 2336 potestate
1228 2271 1391 2317 habere
1417 2270 1561 2334 potuit
1583 2285 1594 2313 :
1622 2283 1756 2313 num-

375 2344 485 2411 quid
508 2344 596 2390 hoe
622 2345 750 2390 etiam
778 2343 922 2390 dicere
945 2354 1145 2407 possunt,
1167 2361 1217 2389 eo
1248 2343 1343 2407 ipso
1367 2353 1559 2406 tempore
1579 2336 1756 2404 quando

372 2419 474 2473 suit,
497 2428 538 2462 et
565 2416 609 2462 in
631 2417 699 2461 his
716 2427 925 2462 terrarum
946 2415 1052 2462 loeis
1081 2417 1160 2462 ubi
1182 2415 1257 2461 illa
1287 2413 1574 2478 philosophia
1599 2410 1754 2471 viguit,

379 2507 527 2538 omnes
547 2489 625 2554 qui
647 2506 744 2534 eum
773 2487 923 2535 audire
946 2498 1202 2552 potuerunt,
1230 2488 1361 2534 etiam
1382 2485 1554 2532 credere
1580 2482 1759 2530 sectari—

373 2580 458 2629 que
474 2561 684 2609 voluissc‘?
712 2561 774 2607 Ae
800 2578 878 2624 per
898 2559 986 2607 hoe
1005 2559 1140 2623 magis
1156 2560 1191 2606 si
1211 2569 1346 2621 tantae
1363 2556 1585 2622 potestatis
1610 2554 1759 2603 fuisset

371 2627 663 2699 Pythagoras,
686 2643 733 2679 ut
758 2630 834 2678 ubi
848 2625 991 2688 vellet,
1012 2642 1053 2677 et
1072 2629 1252 2695 quando
1275 2629 1425 2685 vellet,
1455 2644 1529 2674 sua
1552 2626 1759 2687 dogmata
