1902 3268
349 296 444 359 474
755 313 789 343 s.
834 302 1076 345 Aueusrnw
1113 314 1317 346 EPISCOPI

353 376 419 422 Ita
443 390 569 422 nemo
587 384 649 422 est
664 377 708 423 in
729 390 880 437 genere
893 378 1107 435 humano,
1127 380 1198 426 cui
1219 396 1305 426 non
1319 378 1495 426 dilectio
1515 416 1526 437 ,
1546 379 1624 426 etsi
1642 388 1731 425 non

354 463 436 510 pro
455 456 607 493 mutua
634 447 866 503 charitate,
894 463 976 511 pro
999 449 1092 512 ipsa
1113 459 1257 496 tamen
1283 450 1531 496 communis
1561 456 1734 496 naturae

352 518 553 562 societate
574 517 801 564 debeatur.
825 518 908 564 Sed
929 519 958 564 ii
981 537 1058 565 nos
1072 520 1259 565 multum
1275 523 1477 585 justeque
1491 520 1729 575 delectant,

354 605 377 632 a
401 587 563 650 quibus
594 587 782 633 vicissim
819 598 965 634 sancte
1001 599 1203 653 casteque
1233 589 1472 650 diligimur.
1519 592 1608 636 Ista
1630 600 1733 636 cum

353 657 577 703 habentur
600 667 648 704 ut
671 668 915 715 teneantur,
947 675 1049 705 cum
1069 671 1212 706 autem
1231 676 1319 706 non
1339 660 1562 707 habentur
1577 666 1628 707 ut
1647 659 1734 706 ha-

354 727 559 783 beantur,
588 728 802 774 orandum
828 739 904 776 est.

422 798 540 845 XIV.
588 798 811 845 Hocci-ne
849 809 1013 855 totum,
1043 810 1086 846 et
1119 800 1219 847 haec
1257 808 1358 846 sunt
1394 800 1540 847 omnia
1575 800 1739 864 quibus

356 867 499 913 beatae
522 882 692 914 summa
722 869 826 915 vitae
860 869 1104 930 colligitur,
1140 888 1194 916 an
1233 869 1397 934 aliquid
1437 870 1555 917 aliud
1582 871 1740 916 veritas

356 940 484 987 docet
516 941 637 1004 quod
665 942 732 987 his
758 942 963 988 omnibus
989 943 1275 1006 praeferatur?
1302 944 1414 989 Nam
1449 953 1490 990 et
1514 943 1585 991 illa
1612 942 1737 989 suffra

356 1011 514 1056 cientia
533 1048 542 1066 ,
566 1021 607 1056 et
630 1012 723 1075 ipsa
750 1012 1042 1068 incolumitas,
1071 1013 1138 1059 vel
1164 1014 1345 1077 propria
1370 1013 1438 1059 vel
1462 1015 1704 1060 amicorum
1722 1049 1733 1070 ‚

356 1080 553 1144 quandiu
577 1083 828 1146 temporalis
857 1093 947 1139 est,
984 1100 1065 1146 pro
1090 1094 1264 1130 aeternae
1287 1084 1390 1130 vitae
1409 1078 1641 1147 adeptione
1663 1083 1740 1129 ab-

352 1151 545 1211 jicienda
582 1163 644 1198 est
681 1170 692 1198 ι
731 1170 984 1217 quanquam
1019 1153 1197 1199 fortasse
1219 1171 1381 1218 corpus
1401 1192 1412 1209 ,
1435 1155 1604 1200 animus
1637 1167 1740 1200 vero

360 1220 482 1266 nullo
506 1222 638 1268 modo
663 1237 790 1270 sanus
816 1224 1123 1270 existimandus
1143 1235 1233 1280 est,
1262 1226 1338 1288 qui
1361 1242 1448 1270 non
1482 1223 1740 1288 temporali-⁶

360 1290 444 1336 bus
468 1303 630 1338 aeterna
660 1295 898 1357 praeponit.
940 1296 1089 1358 Neque
1120 1295 1236 1340 enim
1263 1295 1309 1341 in
1349 1305 1542 1358 tempore
1578 1293 1742 1340 utiliter

359 1362 524 1408 vivitur
546 1364 628 1410 nisi
653 1363 706 1410 ad
726 1365 1072 1428 comparandum
1094 1365 1296 1410 meritum
1323 1381 1409 1429 quo
1436 1365 1479 1410 in
1504 1363 1743 1410 aeternltate

362 1432 548 1481 vivatur.
576 1435 643 1481 Ad
665 1436 783 1481 illam
810 1453 910 1496 ergo
939 1453 1068 1482 unam
1089 1438 1249 1493 vitam,
1274 1453 1360 1500 qua
1386 1452 1487 1482 cum
1515 1436 1605 1480 Deo
1630 1433 1743 1480 etde

363 1504 455 1550 Deo
483 1506 646 1552 vivitur
666 1544 676 1562 ,
702 1517 858 1552 caetera
886 1520 987 1571 quoe
1017 1507 1180 1553 utiliter
1197 1518 1240 1553 et
1270 1506 1472 1552 decenter
1495 1516 1706 1570 optantur
1726 1541 1738 1562 ,

362 1574 451 1620 sine
475 1575 611 1622 dubio
635 1576 856 1623 referenda
878 1586 992 1625 sunt.
1020 1578 1068 1623 In
1093 1594 1142 1623 eo
1170 1579 1338 1641 quippe
1362 1577 1647 1640 nosmetipsos
1669 1576 1743 1622 di*—

362 1644 553 1705 ligimus,
585 1648 616 1692 si
644 1647 782 1692 Deum
802 1647 1023 1708 diligimus
1049 1665 1060 1693 ε
1097 1658 1139 1693 et
1163 1665 1210 1693 ex
1232 1648 1315 1693 alio
1347 1657 1572 1711 praecepto
1592 1645 1742 1710 proxi—²

363 1732 455 1761 mos
480 1728 650 1763 nostros
673 1718 785 1763 sicut
815 1719 1102 1782 nosmetipsos
1125 1719 1185 1764 ita
1218 1735 1317 1764 vere
1341 1718 1588 1779 diligimus,
1611 1718 1645 1763 si
1670 1727 1743 1763 eos

360 1785 416 1831 ad
443 1788 520 1832 Dei
539 1788 720 1834 similem
747 1788 1023 1835 dilectionem
1049 1827 1059 1844 ,
1086 1799 1303 1853 quantum
1328 1789 1371 1835 in
1392 1788 1519 1834 nobis
1536 1798 1614 1843 est,
1636 1800 1743 1851 per-i

361 1856 588 1904 ducamus.
613 1860 752 1904 Dcum
766 1860 900 1919 igitur
918 1860 1140 1920 diligimus
1161 1869 1344 1924 propter
1362 1877 1404 1906 se
1421 1860 1584 1923 ipsum,
1607 1869 1649 1904 et
1667 1870 1743 1904 nos

363 1940 414 1974 ac
434 1929 652 1991 proximos
687 1940 868 1993 propter
891 1931 1033 1994 ipsum
1058 1947 1067 1974 :
1096 1947 1175 1976 nec
1197 1938 1296 1976 cum
1325 1930 1385 1975 ita
1411 1930 1600 1976 vivimus
1617 1966 1629 1986 ,
1649 1931 1742 1988 jam

361 2016 440 2043 nos
467 2000 510 2044 iu
551 2000 642 2063 ipsa
675 2000 801 2046 beata
844 2000 933 2047 vita
970 2001 1227 2047 constitutos
1262 2001 1551 2046 existimemus
1573 2034 1583 2052 ,
1621 1998 1743 2062 quasi

361 2069 540 2115 nihilsit
565 2071 752 2134 amplius
770 2071 890 2135 quod
912 2089 1098 2118 oremus.
1126 2071 1361 2128 Quomodo
1379 2071 1491 2116 enim
1506 2074 1597 2130 jam
1618 2070 1744 2115 beate

362 2139 565 2194 vivimus,
587 2141 808 2187 cumillud
825 2141 972 2188 adhuc
992 2142 1118 2197 desit,
1144 2151 1326 2205 propter
1346 2140 1463 2204 quod
1483 2149 1621 2186 unum
1634 2140 1744 2185 bene

361 2210 577 2256 vivimus?

427 2280 521 2327 XV.
547 2281 606 2326 Ut
626 2280 735 2345 quid
763 2299 863 2342 ergo
891 2299 969 2345 per
992 2281 1127 2328 multa
1163 2281 1482 2345 dispergimur,
1508 2290 1550 2326 et
1575 2280 1742 2344 quaeri-

363 2366 458 2395 mus
492 2350 600 2413 quid
625 2368 824 2408 oremus,
856 2353 1049 2398 timentes
1089 2369 1142 2398 ne
1165 2351 1274 2397 forte
1297 2352 1408 2397 sicut
1443 2364 1531 2397 non
1567 2359 1743 2415 oportet

361 2435 558 2475 oremus,
597 2438 647 2466 ac
679 2439 767 2467 non
796 2423 943 2486 potius
977 2439 1078 2468 cuin
1112 2422 1283 2468 Psalmo
1316 2421 1580 2488 diciinus,v«
1600 2421 1740 2466 Unam

364 2510 383 2530 ›>
407 2491 513 2553 petii
534 2509 556 2536 a
578 2493 790 2548 Domino,
817 2494 933 2540 hanc
964 2494 1183 2558 requiram
1205 2530 1215 2549 ,
1244 2503 1292 2538 ut
1317 2493 1513 2538 habitem
1540 2492 1584 2537 in
1608 2492 1741 2538 domo

363 2582 384 2602 »
403 2562 579 2607 Domini
603 2579 751 2609 omnes
769 2564 863 2610 dies
886 2566 989 2612 vitae
1015 2582 1124 2611 meae
1150 2582 1161 2610 z
1188 2575 1236 2611 ut
1262 2562 1531 2627 contempler
1551 2563 1742 2610 delecta-
