1902 3268
653 300 862 331 izeisrotA
897 301 1096 332 cxxxvii.
1475 290 1567 355 517

195 375 427 430 pectamur
447 364 682 430 implenda.
704 364 1000 421 Quaetandem
1018 383 1135 411 mens
1157 366 1282 413 avida
1296 371 1566 428 aeternitatis,

195 437 384 501 vitaeque
404 437 627 501 praesentis
661 435 872 482 brevitate
902 448 1117 500 permota,
1155 449 1309 485 contra
1330 439 1461 500 hujus
1496 442 1566 487 di-

194 507 309 554 vinae
330 507 602 554 auctoritatis
621 506 767 552 lumen
789 507 1048 572 culmenque
1069 509 1316 556 contendat.

258 580 400 627 XVII.
432 580 544 637 Quae
578 578 917 643 disputationes,
949 597 1049 644 quae
1082 581 1237 628 litterae
1271 581 1570 645 quorumlibet

192 649 582 714 philosophorum,
610 667 710 714 quae
740 650 850 710 leges
869 651 1167 714 quarumlibet
1192 653 1436 709 civitatum,
1454 653 1572 700 duo-

192 720 540 784 buspraeceptis,
582 737 629 766 cx
669 721 832 784 quibus
867 721 1070 768 Christus
1105 722 1213 768 dicit
1241 733 1374 769 totam
1413 725 1570 784 Legem

192 791 524 856 Prophetasque
549 791 735 855 pendere
755 828 765 847 ,
811 790 900 836 ullo
934 792 1064 862 modo
1103 792 1188 837 sint
1226 794 1568 857 comparandae:

191 882 210 903 α
237 862 398 923 Diliges
427 862 665 908 Dominum
692 863 832 907 Deum
867 871 990 908 tuum
1016 880 1064 908 ex
1097 873 1187 909 toto
1225 864 1355 910 corde
1393 875 1493 920 tuo,
1530 875 1571 910 et

190 953 212 974 ›>
231 949 280 978 ex
308 943 397 980 tota
422 932 563 978 anima
591 943 679 987 tua,
707 942 747 977 et
766 948 812 976 ex
831 942 919 978 tota
938 943 1080 979 mente
1097 944 1202 980 tua:
1229 945 1270 980 et
1294 934 1443 995 diliges
1463 951 1572 999 pro-

191 1024 212 1045 »
233 1002 397 1050 ximum
425 1013 548 1048 tuum
568 1012 774 1066 tanquam
802 1012 841 1048 te
867 1003 1067 1066 ipsum1?
1089 1025 1109 1046 ›>
1132 1004 1216 1051 Hic
1239 1005 1430 1069 physica
1451 1022 1569 1070 quo-

189 1073 308 1120 niam
335 1090 482 1120 omnes
506 1072 703 1119 omnium
747 1090 774 1117 n
781 1083 1006 1119 aturaium
1035 1090 1176 1121 causae
1198 1076 1244 1121 in
1269 1077 1359 1122 Deo
1384 1087 1575 1122 creatole

188 1155 304 1191 sunt.
332 1144 417 1190 Hic
453 1143 614 1200 ethica,
657 1143 865 1207 quoniam
894 1144 982 1191 vita
1019 1144 1137 1190 bona
1180 1156 1222 1191 et
1263 1146 1446 1192 honesta
1480 1163 1570 1192 non

189 1213 364 1261 aliunde
391 1213 631 1270 formatur,
674 1231 805 1277 quam
838 1231 938 1260 cum
966 1232 1014 1260 ea
1039 1232 1139 1278 quae
1183 1216 1405 1276 diligenda
1438 1227 1568 1274 sunt,

187 1284 563 1349 quemadmodum
585 1284 804 1344 diligenda
828 1296 944 1341 sunt,
965 1285 1234 1346 diliguntur,
1258 1287 1346 1333 hoc
1366 1298 1428 1333 est
1453 1288 1571 1334 Deus

186 1367 227 1403 et
270 1357 508 1420 proximus.
554 1356 638 1402 Hic
669 1355 834 1415 logica,
881 1357 1091 1420 quoniam
1136 1358 1292 1404 veritas
1335 1358 1571 1422 lumenque

187 1428 343 1474 animae
384 1426 629 1483 rationalis,
672 1427 843 1473 nonnisi
885 1428 999 1473 Deus
1033 1439 1107 1475 est.
1151 1429 1236 1474 Hic
1256 1429 1386 1474 etiam
1408 1429 1568 1476 lauda-

184 1497 285 1544 bilis
308 1497 568 1561 reipublicae
592 1496 728 1542 salus:
777 1513 917 1560 neque
958 1497 1073 1543 enim
1104 1498 1310 1544 conditur
1340 1509 1382 1544 et
1418 1510 1568 1545 custo-

186 1567 306 1614 ditur
337 1567 501 1631 optime
524 1567 693 1622 civitas,
723 1567 806 1612 nisi
833 1566 1119 1613 fundamento
1149 1579 1190 1614 et
1221 1568 1396 1615 vinculo
1439 1569 1564 1626 fidei,

184 1639 411 1702 firmaeque
436 1637 703 1686 concordiae.
748 1654 849 1682 cum
876 1638 1043 1684 bonum
1075 1655 1308 1684 commune
1335 1638 1532 1699 diligitur
1550 1677 1561 1694 ‚

185 1708 306 1772 quod
344 1725 563 1755 summum
586 1725 635 1754 ac
664 1708 930 1753 verissimum
950 1709 1064 1754 Deus
1082 1719 1159 1763 est,
1185 1719 1311 1772 atque
1329 1709 1373 1754 in
1391 1709 1464 1754 illo
1489 1709 1562 1755 in-

184 1781 323 1826 vicem
339 1778 620 1826 sincerissime
637 1795 678 1823 se
693 1778 880 1838 diligunt
894 1778 1107 1835 homines,
1125 1796 1226 1825 cum
1246 1790 1428 1843 propter
1440 1779 1564 1826 illum

184 1867 226 1897 se
268 1850 484 1910 diligunt,
523 1849 623 1906 cui,
654 1866 740 1912 quo
776 1849 921 1895 animo
961 1849 1168 1910 diligant,
1215 1849 1436 1896 occultare
1477 1867 1564 1896 non

183 1932 379 1984 possunt.

247 1993 412 2040 XVIII.
438 1991 598 2039 Modus
623 2003 764 2037 autem
786 1991 878 2055 ipse
895 1992 1087 2049 dicendi,
1114 2009 1202 2056 quo
1232 2003 1378 2038 sancta
1399 1992 1555 2056 Scrip-

182 2074 282 2111 tura
316 2064 575 2119 contexitur,
623 2080 755 2126 quam
793 2063 998 2109 omnibus
1035 2063 1313 2119 accessibilis,
1356 2064 1558 2127 quamvis

181 2133 454 2198 paucissimis
479 2132 770 2196 penetrabilis.
816 2134 878 2179 Ea
909 2151 1009 2196 quae
1032 2143 1180 2197 aperta
1207 2134 1415 2189 continet,
1437 2134 1561 2196 quasi

183 2204 346 2251 amicus
365 2203 589 2259 familaris,
619 2202 707 2247 sinc
730 2201 830 2249 fuco
868 2204 922 2249 ad
947 2221 1023 2249 ror
1060 2203 1256 2267 loquitur
1282 2203 1560 2250 indoctorum

183 2284 313 2338 atque
336 2273 583 2319 doctorum.
612 2273 672 2317 Ea
692 2289 791 2318 vero
811 2290 911 2337 quae
936 2274 980 2318 in
1015 2273 1226 2335 mysteriis
1248 2273 1457 2329 occultat,
1478 2291 1558 2320 nec

180 2346 275 2409 ipsa
307 2344 477 2408 eloquio
504 2343 695 2407 superbo
725 2344 876 2403 erigit,
917 2361 1004 2407 quo
1039 2360 1130 2389 non
1164 2343 1318 2389 audeat
1355 2343 1560 2390 accedere

183 2433 302 2461 mens
322 2414 591 2461 tardiuscula
615 2424 656 2459 ct
682 2414 914 2469 inerudita,
941 2414 1063 2478 quasi
1085 2431 1255 2478 pauper
1280 2414 1336 2460 ad
1355 2414 1533 2462 divitem
1549 2453 1559 2469 ‚

182 2485 256 2532 sed
282 2485 438 2532 invitat
457 2483 770 2531 omneshumili
789 2502 1002 2542 sermone,
1020 2502 1128 2548 quos
1154 2502 1242 2531 uon
1261 2485 1400 2531 solum
1426 2486 1561 2531 mani-

185 2557 292 2604 festa
320 2567 489 2621 pascat,
522 2555 596 2602 sed
619 2556 745 2602 etiam
776 2567 937 2603 secreta
955 2566 1146 2603 exerceat
1174 2555 1369 2612 veritate,
1413 2555 1563 2601 hocin

235 2641 245 2664 ¹
263 2640 381 2676 Manli.
402 2651 490 2679 xxix,
517 2641 570 2679 37.
