1902 3268
367 292 458 356 496
766 307 800 338 s.
847 305 1087 337 Aueusrim
1125 305 1341 336 EPISCOPI.

366 373 527 419 debent
559 371 615 417 ad
652 370 843 433 exempla
884 371 1107 433 patientiae
1141 370 1419 416 inimicorum
1439 386 1614 416 suorum
1647 386 1740 415 san-

368 443 495 503 guine
517 441 809 487 foedarentur:
830 458 876 485 ca
891 441 924 485 si
943 439 1076 485 nollet
1091 440 1376 502 acquiescere,
1402 440 1579 485 inimico
1600 440 1742 484 animo

370 530 467 558 eum
493 513 682 557 resistere
702 513 960 573 suspicarer.
1000 510 1128 554 Nunc
1154 527 1255 556 vero
1283 510 1460 572 quando
1481 509 1594 572 apud
1617 520 1656 554 te
1681 525 1745 554 res

370 584 512 641 agitur
547 582 627 627 alia
657 580 765 625 mihi
802 580 911 625 ratio
933 590 1011 634 est,
1038 579 1118 624 alia
1142 579 1417 625 consultatio.
1455 581 1683 624 Rectorem
1706 589 1745 624 te

369 651 544 716 quidem
570 649 789 714 praecelsae
821 649 1046 713 potestatis
1087 649 1306 703 videmus,
1343 649 1415 694 scd
1451 650 1578 694 etiam
1606 648 1744 693 filium

371 722 633 767 Christianae
647 721 820 783 pietatis
845 720 1133 779 agnoscimus.
1161 718 1744 772 Subdatursublimitastua,

371 792 586 837 subdatur
602 791 707 836 fides
728 801 818 846 tua,
845 807 1017 835 causam
1038 801 1180 835 tecum
1197 800 1333 835 tracto
1357 805 1633 834 communem
1652 807 1662 837 ς
1682 787 1755 832 sed

372 873 418 908 tu
439 862 482 907 in
507 879 553 906 ea
587 872 710 924 potes
726 897 736 916 ,
758 860 878 924 quod
903 878 979 919 ego
1000 877 1084 905 non
1108 878 1298 923 possum.
1334 859 1494 905 Confer
1525 858 1756 904 nobiscum

372 931 618 983 consilium,
641 941 682 975 et
701 932 873 993 porrige
892 930 1114 978 auxilium.

438 1001 511 1046 lV.
539 1000 774 1059 Diligenter
791 1011 938 1044 actum
962 1011 1040 1052 est,
1066 1011 1113 1045 ut
1140 1000 1304 1045 inimici
1334 999 1557 1053 Ecclesiae,
1585 998 1658 1061 qui
1682 1015 1755 1043 so-

370 1071 459 1117 lent
480 1071 733 1133 vaniloquio
768 1070 1034 1115 seductionis
1066 1068 1298 1114 sollicitare
1341 1071 1507 1115 animos
1531 1068 1755 1131 imperitos

373 1153 582 1205 tanquam
605 1141 659 1186 de
682 1141 979 1204 persecutione
998 1141 1243 1200 gloriantes,
1261 1156 1391 1202 quam
1415 1156 1456 1184 se
1477 1138 1645 1201 perpeti
1660 1142 1754 1197 jac-

373 1222 483 1269 tant,
508 1211 729 1256 horrenda
750 1210 946 1256 facinora
965 1227 1040 1255 sua
1066 1211 1109 1255 in
1124 1209 1367 1255 catholicos
1389 1209 1568 1254 clericos
1595 1224 1755 1271 perpe-

374 1293 484 1328 trata
504 1282 761 1338 faterentur,
789 1294 831 1326 et
852 1283 937 1327 suis
980 1282 1123 1327 verbis
1162 1280 1505 1343 implicarentur.
1555 1278 1754 1338 Legenda

373 1364 473 1399 sunt
508 1354 636 1398 Gesta
675 1352 728 1397 ad
755 1351 965 1397 sanandas
991 1352 1173 1406 aiiiiriaS,
1196 1367 1303 1413 quas
1325 1349 1526 1412 pestifera
1559 1348 1754 1394 suasione

372 1434 705 1471 venenaverunt.
740 1423 965 1486 Numquid
991 1423 1133 1485 placet
1158 1422 1237 1467 tibi
1256 1458 1266 1477 ,
1296 1431 1343 1466 ut
1363 1420 1415 1466 ad
1441 1422 1569 1465 finem
1597 1420 1754 1464 Gesto-

372 1511 487 1549 rum,
509 1494 542 1539 si
557 1504 785 1539 cruentum
804 1494 980 1538 istorum
999 1492 1267 1555 supplicium
1282 1490 1540 1544 continebit,
1566 1488 1752 1547 legendo

373 1564 598 1627 pervenire
610 1563 855 1615 timeamus,
881 1563 958 1608 uhi
976 1563 1182 1625 ponimus
1200 1572 1240 1606 ct
1266 1561 1402 1623 ipsam
1421 1559 1748 1613 conscientiam,

373 1650 427 1678 ne
454 1632 617 1677 malum
649 1649 727 1695 pro
758 1633 890 1685 malo,
916 1633 991 1695 qui
1017 1632 1131 1695 passi
1155 1641 1272 1685 sunt,
1318 1629 1553 1675 reddidisse
1568 1627 1751 1673 videan—

372 1707 476 1750 tur?
498 1703 543 1748 Si
562 1719 662 1762 ergo
685 1702 797 1748 nihil
822 1702 941 1748 aliud
971 1702 1307 1749 constitueretur
1331 1699 1554 1746 frenandae
1574 1698 1752 1744 malitiae

373 1773 664 1838 perditorum,
689 1784 872 1818 extrema
900 1773 1078 1819 fortasse
1103 1772 1329 1818 necessitas
1348 1781 1395 1816 ut
1431 1770 1534 1815 tales
1574 1768 1751 1814 occide-

374 1855 525 1891 rentur
555 1854 746 1903 urgeret3
770 1861 1023 1907 quanquam
1045 1843 1163 1906 quod
1190 1842 1241 1888 ad
1267 1859 1344 1887 nos
1372 1841 1539 1895 attinet,
1573 1839 1605 1884 si
1640 1838 1751 1883 nihil

375 1915 524 1960 mitius
540 1915 598 1959 eis
612 1914 702 1959 fieri
722 1924 878 1977 posset,
903 1914 1126 1959 mallemus
1146 1930 1215 1958 eos
1235 1912 1393 1957 liberos
1407 1910 1596 1960 relaxari,
1619 1925 1750 1972 quam

375 1985 593 2049 passiones
607 1983 791 2028 fratrum
817 1995 1062 2029 nostrorum
1094 1983 1188 2028 fuso
1212 1999 1361 2027 eorum
1382 1981 1587 2040 sanguine
1601 1978 1747 2025 vindi-

378 2055 466 2100 cari
497 2070 647 2099 :nunc
677 2071 777 2099 vero
804 2071 903 2098 cum
933 2052 1097 2116 aliquid
1139 2052 1229 2097 fieri
1258 2051 1411 2114 possit,
1438 2067 1525 2113 quo
1554 2059 1595 2094 et
1636 2048 1750 2093 mitis

375 2123 706 2170 commendetur
727 2123 934 2178 Ecclesia,
952 2135 992 2168 et
1015 2122 1250 2168 immitium
1268 2121 1529 2166 cohibeatur
1548 2118 1749 2174 audacia;

377 2211 457 2240 cur
483 2210 570 2238 non
593 2193 739 2238 flectas
766 2193 811 2238 id
845 2204 1010 2256 partem
1052 2192 1415 2255 providentiorem
1459 2190 1749 2252 lenioremque

375 2263 652 2316 sententiam,
674 2263 793 2325 quod
809 2263 908 2308 licet
925 2263 1152 2323 Judicibus
1172 2261 1310 2306 facere
1326 2262 1454 2306 etiam
1470 2277 1557 2305 non
1580 2259 1623 2304 in
1643 2275 1750 2304 cau-

379 2334 433 2378 sis
454 2331 671 2378 Ecclesiae.
706 2332 830 2377 Time
849 2349 947 2391 ergo
976 2331 1204 2377 nobiscum
1221 2330 1440 2390 judicium
1464 2329 1542 2374 Dei
1579 2328 1719 2374 Patris
1734 2365 1744 2383 ,

377 2412 421 2449 et
443 2400 698 2448 commenda
717 2402 1088 2447 mansuetudinem
1112 2401 1272 2446 matris.
1296 2401 1406 2445 Cum
1426 2400 1539 2444 enim
1559 2410 1606 2443 tu
1623 2398 1741 2444 facis.

380 2472 570 2518 Ecclesia
597 2471 717 2526 facit,
741 2485 921 2535 propter
946 2489 1077 2535 quam
1103 2471 1224 2525 facis,
1261 2481 1302 2514 et
1327 2475 1450 2530 quus
1486 2470 1598 2514 filius
1622 2468 1740 2514 facis.

380 2541 606 2587 Contende
630 2541 824 2588 bonitate
843 2560 943 2588 cum
975 2542 1109 2587 malis.
1139 2541 1207 2586 llli
1230 2541 1383 2586 scelere
1405 2541 1581 2585 immani
1607 2556 1747 2584 mem—

379 2614 459 2660 bra
482 2612 534 2658 de
571 2628 754 2674 corpore
777 2615 877 2660 vivo
914 2613 1161 2661 avulserunt
1188 2629 1198 2656 τ
1245 2622 1292 2656 tu
1328 2627 1456 2674 opere
1480 2609 1746 2657 misericordi
