1902 3268
355 239 414 303 78
765 258 799 287 s.
842 256 1089 288 Auousrrm
1125 256 1332 288 Errscori

349 337 491 381 regem
511 357 524 378 ‚
558 321 633 385 qui
671 323 872 368 Jeremiae
904 322 1066 369 librum
1099 322 1361 378 incendit1‚
1403 334 1542 370 morte
1575 323 1735 371 bellica

349 391 618 450 vindicavit,
643 404 809 457 quanto
829 394 1076 443 sceleratius
1091 405 1154 440 est
1176 393 1448 454 sacrilegium
1464 395 1730 453 schismatis,

350 466 419 523 cuj
429 480 476 509 us
499 475 715 520 auctores,
730 465 893 528 quibus
912 465 952 509 M
961 464 1251 510 aximianistas
1267 465 1568 529 comparastis,
1585 476 1735 530 aperta

351 545 464 579 terra
487 534 609 580 vivos
633 535 896 580 absorbuit?
926 535 1160 591 Quomodo
1183 553 1283 596 ergo
1304 537 1466 582 crimen
1488 536 1734 582 traditionis

351 605 478 651 nobis
501 605 694 665 objicitis
711 643 721 662 ‚
756 606 877 670 quod
896 623 985 652 non
1007 606 1208 670 probatis
1224 644 1234 662 ‚
1261 618 1303 652 et
1327 608 1626 654 schismaticos
1643 625 1733 655 ves-

350 685 438 721 tros
455 685 496 720 et
516 674 732 722 damnatis
753 688 794 723 et
823 678 1086 741 acceptatis?
1124 677 1169 722 Si
1193 688 1424 741 propterea
1454 679 1562 738 justi
1597 678 1696 724 estis
1718 716 1728 735 ,

348 746 453 809 quia
477 748 827 809 persecutionem
852 765 929 811 per
956 749 1244 811 Imperatores
1264 748 1379 811 passi
1396 749 1511 805 estis,
1530 749 1733 809 justiores

348 816 472 862 vobis
494 828 593 862 sunt
616 817 698 881 ipsi
719 819 1067 876 Maximianistae‚
1095 836 1204 882 quos
1222 819 1484 882 perjUdices
1507 820 1564 865 ab
1587 821 1732 883 Impe-

349 888 568 933 ratoribus
601 889 830 935 catholicis
862 890 1011 935 missos
1048 907 1128 936 vos
1166 891 1249 954 ipsi
1285 891 1503 954 persecuti
1537 891 1648 938 estis.
1686 890 1733 937 Si

349 957 618 1021 baptismum
646 977 722 1006 vos
741 960 818 1006 soli
837 960 1027 1017 habetis,
1056 961 1164 1021 quid
1193 961 1309 1025 apud
1335 979 1409 1008 vos
1436 961 1542 1007 facit
1565 962 1731 1025 baptis-

349 1045 445 1074 mus
474 1030 887 1077 Pviaximianistarum
909 1032 953 1077 in
974 1031 1049 1087 eis,
1073 1048 1182 1094 quos
1214 1032 1457 1096 baptizavit
1487 1032 1730 1077 Felicianus

347 1098 596 1156 damnatus,
628 1118 728 1147 cum
753 1103 915 1166 quibus
934 1113 994 1148 est
1020 1102 1075 1148 ad
1096 1119 1170 1149 vos
1195 1114 1345 1166 postea
1371 1105 1629 1148 revocatus?
1651 1102 1730 1147 Vel

350 1170 470 1216 vocis
491 1170 610 1216 laicis
635 1171 687 1217 ad
713 1173 793 1218 ista
813 1173 1103 1237 respondeant
1121 1174 1317 1237 episcopi
1339 1173 1469 1220 vestri
1488 1209 1500 1229 ‚
1521 1174 1556 1220 si
1576 1172 1730 1218 nobis-

347 1256 449 1286 cum
480 1240 602 1305 loqui
626 1242 802 1301 nolunt3
838 1254 880 1290 et
911 1243 1096 1304 cogitate
1127 1261 1209 1307 pro
1244 1243 1382 1289 salute
1405 1253 1543 1290 vestra
1562 1282 1572 1297 ,
1602 1242 1730 1306 quale

347 1311 400 1356 sit
423 1311 511 1358 hoc
534 1313 697 1376 ipsum,
718 1314 840 1380 quod
864 1315 1096 1360 nobiscum
1112 1314 1234 1378 loqui
1253 1314 1424 1361 nolunt.
1451 1314 1496 1360 Si
1515 1313 1612 1377 lupi
1626 1330 1729 1358 con-

345 1381 496 1428 cilium
514 1384 710 1432 fecerunt
730 1422 740 1442 ,
775 1386 1090 1450 utpastoribus
1113 1404 1203 1432 non
1235 1385 1556 1450 respondeant3
1594 1401 1729 1448 quare

345 1470 445 1499 oves
475 1456 705 1503 consilium
743 1457 1059 1522 perdiderunt,
1087 1468 1135 1504 ut
1162 1457 1216 1504 ad
1251 1458 1459 1522 luporum
1500 1455 1728 1520 speluncas

347 1525 557 1572 accedant
576 1531 594 1573 9

396 1628 405 1649 ¹
424 1630 546 1662 Jerem.
563 1639 677 1661 xxxvr.
