1902 3268
688 276 902 309 EmsroLA
938 278 1008 309 cx.
1432 270 1519 328 341

151 346 261 395 veris
298 344 571 409 quantalsint
599 343 644 389 in
668 342 877 388 manibus
901 343 1005 388 meis
1024 380 1034 398 ,
1066 344 1228 407 quibus
1258 347 1316 392 ob
1341 348 1530 398 diversas

152 434 294 474 curas,
323 433 432 479 quas
456 427 615 461 nostrae
647 414 863 460 servitutis
886 415 1111 461 necessitas
1135 416 1270 463 habet
1288 455 1298 474 ,
1328 420 1395 465 vix
1417 422 1528 468 mihi

151 487 426 552 paucissimae
448 496 584 546 guttae
616 485 825 547 temporis
851 485 1070 531 stillantur
1093 523 1102 540 ,
1145 504 1251 549 (pias
1285 489 1377 535 aliis
1400 491 1531 537 rebus

153 558 187 604 si
204 557 460 621 impendero
478 594 488 613 ,
510 567 662 602 contra
686 556 879 602 officium
903 573 1046 602 meum
1069 558 1179 603 mihi
1201 558 1344 605 facere
1359 561 1526 610 videor.

217 629 293 676 VI.
320 627 453 689 Quod
475 629 587 673 enim
612 628 694 683 vis,
719 638 766 673 ut
787 627 841 673 ad
868 639 906 673 te
934 628 1144 690 prolixam
1171 630 1399 692 epistolam
1422 633 1534 679 scri-

152 699 276 755 bam,
316 709 358 744 et
392 699 480 744 hoe
504 698 682 762 quidem
706 697 864 753 debeo,
892 698 1045 752 fateor,
1073 698 1210 744 debeo
1234 718 1413 763 prorsus
1447 703 1536 751 hoc

154 780 243 815 tam
255 768 392 824 dulci,
412 780 496 814 tam
510 769 705 824 sincerae,
727 779 814 813 tam
831 785 959 813 merae
977 768 1191 813 voluntati
1207 780 1306 816 tuae.
1335 772 1419 818 Sed
1435 774 1540 836 quia

153 840 298 886 bonus
319 857 362 885 es
393 850 560 885 amator
585 839 767 899 justitiae
787 876 798 894 ,
827 838 927 884 inde
956 849 995 884 te
1024 838 1264 896 admoneo,
1292 851 1340 887 ut
1362 842 1417 888 de
1441 843 1535 900 illa,

157 927 290 974 quam
315 909 475 970 diligis,
493 909 580 954 hoc
596 927 619 954 a
642 926 710 953 me
734 908 943 954 libentius
965 908 1128 956 audias.
1155 911 1304 956 Cernis
1319 912 1443 975 prius
1458 930 1544 960 esse

156 979 278 1044 quod
300 990 342 1025 et
360 980 444 1025 tibi
461 990 503 1024 et
523 978 632 1035 aliis,
656 995 789 1041 quam
812 977 934 1041 quod
958 978 1041 1024 tihi
1062 982 1369 1028 tantummodo
1384 982 1541 1038 debeo;

158 1060 201 1096 et
226 1061 398 1113 tempus
418 1049 473 1095 ad
488 1050 633 1095 onmia
655 1049 765 1095 mihi
789 1067 877 1095 non
900 1048 1075 1106 sufficit,
1095 1051 1273 1113 quando
1294 1070 1372 1098 nec
1398 1054 1451 1099 ad
1470 1055 1545 1100 illa

160 1137 260 1184 quae
273 1121 421 1185 priora
446 1131 561 1167 sunt.
586 1120 711 1166 Unde
730 1137 878 1166 omnes
893 1120 1139 1166 charissimi
1159 1132 1200 1167 et
1224 1122 1547 1171 familiarissimi

159 1191 264 1247 mei,
291 1207 479 1254 quorum
505 1191 550 1236 in
575 1191 749 1236 nomine
778 1190 944 1236 Christi
971 1191 1086 1238 inter
1123 1192 1290 1255 primos
1322 1194 1430 1241 mihi
1471 1212 1514 1241 es
1533 1232 1544 1251 ,

162 1279 251 1307 rem
278 1260 438 1307 facient
460 1260 591 1306 officii
618 1262 701 1317 sui,
734 1261 768 1306 si
790 1278 879 1307 non
905 1261 1043 1307 solum
1078 1262 1160 1308 alia
1181 1263 1291 1309 mihi
1315 1265 1548 1311 scribenda

163 1331 247 1394 ipsi
273 1348 360 1376 non
383 1332 640 1394 imponant,
669 1331 954 1378 verumetiam
975 1342 1155 1378 caeteros
1176 1344 1339 1396 quanta
1364 1345 1548 1398 possunt

165 1402 420 1448 auctoritate
446 1413 488 1448 et
507 1413 655 1447 sancta
686 1401 956 1461 benignitate
992 1403 1261 1465 prohibeant
1282 1403 1295 1449 ⁴:
1315 1422 1368 1450 ne
1402 1405 1553 1452 videar

165 1473 400 1533 ego-durus
420 1489 520 1518 cum
543 1490 566 1518 a
583 1471 762 1532 singulis
787 1473 921 1535 petita
940 1490 1029 1518 non
1049 1472 1227 1529 dederO,
1258 1474 1364 1520 dum
1389 1492 1438 1521 ea
1450 1476 1552 1522 volo

167 1543 302 1603 magis
325 1542 520 1599 reddere,
550 1559 651 1606 quae
675 1543 881 1588 omnibus
905 1542 1058 1591 dehe0.
1091 1543 1292 1608 Denique
1316 1562 1418 1591 cum
1441 1547 1555 1592 sicut

168 1630 391 1677 speramus
415 1623 458 1658 et
473 1613 742 1676 promissum
766 1623 961 1659 tenemus
975 1651 986 1669 ,
1007 1613 1062 1659 ad
1081 1631 1159 1660 nos
1180 1615 1348 1661 venerit
1371 1633 1556 1662 venera-

169 1683 318 1728 bilitas
341 1693 432 1739 tua,
453 1683 558 1728 scies
578 1682 741 1746 quibus
765 1683 973 1747 operibus
994 1683 1238 1730 litterarum
1276 1696 1318 1731 et
1343 1696 1555 1750 quantum

171 1763 414 1815 occupatus
433 1752 514 1798 sim
535 1789 546 1808 ,
588 1763 629 1798 et
664 1752 895 1798 instantius
930 1753 1060 1800 facies
1081 1754 1203 1818 quod
1246 1756 1413 1815 rogavi,
1440 1767 1490 1802 ut
1515 1766 1558 1803 et

172 1822 278 1869 alios
298 1840 408 1887 quos
426 1823 638 1887 potueris,
659 1823 769 1869 mihi
787 1823 954 1887 aliquid
971 1823 1088 1870 aliud
1103 1825 1384 1872 scribendum
1399 1826 1554 1873 volen-

173 1903 235 1938 tes
265 1892 518 1953 injungere,
559 1911 583 1938 a
606 1910 675 1939 me
717 1893 980 1942 demoliaris
1012 1895 1226 1942 Dominus
1258 1896 1373 1943 Deus
1412 1907 1557 1943 noster

173 1962 356 2026 impleat
377 1963 522 2009 cordis
544 1963 607 2009 tui
628 1973 717 2009 tam
738 1964 966 2025 grandem,
993 1975 1034 2011 et
1060 1976 1146 2012 tam
1166 1976 1365 2013 sanctum
1387 1966 1551 2024 sinum,

176 2049 305 2097 quem
318 2033 411 2097 ipse
434 2033 556 2091 fecit,
577 2034 763 2081 Domine
780 2035 1037 2083 beatissime.
