1902 3268
663 297 873 333 Ensrom
907 301 1009 336 cxv.
1431 293 1527 344 355

151 381 252 429 cum
266 365 336 413 his
353 365 509 414 litteris
526 365 770 414 identidem
794 367 921 427 misi3
945 386 1032 416 non
1051 379 1229 428 terrenS,
1255 372 1330 419 sed
1343 389 1517 434 rogans,

152 448 194 484 et
225 454 309 501 pro
345 437 524 485 homine
559 438 753 485 humane
774 476 785 496 ‚
829 450 871 486 et
913 441 1150 506 episcopali
1192 442 1487 492 misericordia
1509 483 1520 502 ,

151 513 363 573 quantum
388 509 482 573 ipsa
505 511 720 574 permittit
741 510 990 558 humanitas
1006 513 1215 577 etpietas‚
1230 514 1520 576 intercedens,

152 579 328 629 domine
348 581 438 638 fili,
466 592 515 647 ut
533 592 576 628 et
598 582 686 629 hoc
706 583 1007 631 existimationi
1028 595 1115 632 tuae
1132 596 1174 633 et
1193 587 1393 651 petitioni
1415 605 1526 636 meae

151 661 359 715 praestare
384 651 572 713 digneris
593 690 605 711 ,
633 665 675 701 et
692 654 812 718 quod
832 654 897 702 lex
921 656 1199 720 Imperatoris
1217 659 1371 719 jubet,
1398 664 1525 721 cujus

152 721 409 786 reipublicae
429 723 584 771 militas
605 762 616 781 ‚
652 742 748 772 meo
771 742 945 791 quoque
962 727 1208 777 interventu
1237 740 1279 777 et
1306 729 1521 795 depreca-

153 792 268 840 tione
289 793 519 842 accedente
541 795 682 843 facere
698 813 787 844 non
801 798 1003 859 graveris.

154 952 379 969 mmmwvw»
385 953 1066 972 »wmvwvwvwwkuwwvwvwvvvvxoeuwwvvw
1071 957 1386 979 vwvvvwvumwvwvvw
1393 961 1527 980 mwutw

607 1066 871 1111 EPISTOLA
905 1068 1019 1112 CXV
1036 1069 1067 1113 ¹.

155 1186 329 1226 Domino
348 1184 578 1223 beatissimo
600 1192 639 1223 et
659 1184 943 1224 venerabiliter
963 1186 1193 1227 charissimo
1212 1188 1328 1230 fratri
1345 1199 1384 1231 et
1403 1205 1539 1233 consa-

208 1248 360 1287 cerdoti
381 1246 613 1286 Fonrumro
632 1254 671 1286 et
690 1247 760 1300 qui
782 1257 913 1286 tecum
940 1255 1034 1286 sunt
1059 1249 1272 1305 fratribus,
1292 1252 1536 1295 Aucvsmvus
1570 1292 1572 1294 ,

209 1310 250 1349 in
268 1309 442 1349 Domino
463 1308 647 1348 salutem.

210 1434 287 1476 Ad
308 1434 611 1476 Fortunatam
631 1431 879 1475 Cirtensem
902 1433 1153 1490 episcopum
1172 1435 1224 1478 de
1244 1436 1398 1480 eadem
1420 1454 1482 1483 re.

225 1575 483 1627 Faventiam
504 1573 616 1620 bene
633 1572 755 1619 novit
774 1572 982 1619 sanctitas
1003 1582 1102 1629 tua,
1124 1572 1200 1636 qui
1224 1574 1539 1626 Paratianensis

158 1646 272 1694 salus
294 1644 539 1692 conductor
569 1642 665 1690 fuit.
711 1643 752 1689 Is
773 1680 784 1700 ,
813 1659 916 1688 cum
947 1642 1005 1688 ab
1034 1642 1227 1702 ejusdem
1263 1648 1541 1709 possessionis

159 1717 340 1764 domino
364 1714 509 1763 nescio
531 1712 640 1778 quid
656 1713 740 1760 sibi
758 1722 990 1769 metueret,
1012 1712 1067 1758 ad
1087 1713 1420 1777 Hipponensem
1436 1735 1540 1765 con-

159 1787 273 1849 fugit
298 1785 524 1833 ecclesiam
545 1804 558 1839 3
583 1793 625 1829 et
643 1783 709 1830 ibi
732 1793 843 1839 erat,
875 1793 925 1828 ut
951 1780 1252 1843 confugientes
1270 1784 1438 1845 solent,
1464 1805 1539 1835 ex-

160 1867 338 1922 pectans
357 1853 579 1920 quomodo
600 1870 676 1918 per
695 1853 1043 1901 intercessionem
1068 1863 1260 1900 nostram
1273 1871 1350 1902 sua
1368 1859 1540 1919 negotia

162 1927 426 1976 terminaret.
458 1925 578 1982 Qui,
608 1934 658 1971 ut
681 1941 797 1987 saepe
833 1924 906 1980 fit,
936 1940 1014 1987 per
1045 1922 1137 1970 dies
1172 1924 1364 1986 singulos
1397 1929 1542 1976 minus

161 1999 394 2061 minusque
414 1995 643 2051 sollicitus,
667 1994 846 2059 etquasi
870 1993 1116 2041 adversario
1134 2006 1324 2043 cessante
1343 2013 1538 2057 securus,

162 2086 264 2116 cum
292 2068 350 2114 ab
371 2067 510 2114 amico
533 2083 610 2114 suo
643 2065 697 2113 de
721 2082 848 2112 coena
872 2065 1172 2125 egrederetur,
1212 2066 1359 2113 subito
1388 2081 1542 2134 raptus

162 2150 225 2185 est
252 2157 276 2184 a
300 2137 548 2185 Florentino
569 2135 761 2201 quodam
781 2173 792 2193 ,
821 2147 870 2183 ut
890 2135 1046 2182 dicunt
1061 2172 1072 2192 ,
1101 2136 1286 2182 Comitis
1310 2137 1504 2186 Officiali
1523 2177 1536 2197 ,

163 2225 243 2272 per
267 2217 533 2254 armatorum
556 2223 752 2263 manum,
780 2217 945 2270 quanta
970 2207 1029 2252 eis
1054 2206 1208 2252 adhoc
1229 2206 1394 2254 factum
1417 2210 1541 2257 suffi-

165 2296 261 2327 cere
285 2278 373 2326 visa
396 2289 471 2325 est.
503 2277 634 2335 Quod
655 2294 754 2324 cum
779 2277 890 2323 mihi
911 2277 1162 2323 nuntiatum
1178 2313 1190 2333 ‚
1214 2287 1256 2323 et
1280 2277 1428 2326 adhuc
1451 2298 1539 2345 quo

164 2348 233 2396 vel
258 2366 280 2394 a
315 2347 479 2411 quibus
509 2358 659 2412 raptus
691 2346 823 2393 fuerit
849 2347 1152 2408 ignoraretur,
1178 2347 1370 2411 suspicio
1395 2361 1543 2398 tamen

166 2430 272 2467 esset
294 2418 348 2464 de
367 2418 442 2465 illo
466 2456 477 2475 ‚
505 2436 634 2483 quem
670 2429 863 2464 metuens
887 2435 929 2464 se
954 2435 1032 2482 per
1062 2417 1286 2464 ecclesiam
1310 2421 1541 2478 tuebatur3

167 2490 382 2538 continuo
423 2489 520 2535 misi
561 2489 616 2535 ad
656 2489 906 2534 Tribunum
923 2525 934 2546 ,
967 2488 1045 2552 qui
1083 2488 1371 2538 custodiendo
1405 2492 1545 2541 littori

218 2593 227 2614 ¹
250 2592 334 2625 Alias
351 2601 469 2622 ccxxx.
491 2600 562 2632 quae
581 2595 684 2621 autem
710 2601 718 2619 ι
734 2591 770 2620 ι5
790 2595 855 2621 erat
868 2612 876 2625 ‚
895 2599 980 2620 nunc
998 2600 1018 2629 9
1040 2594 1070 2620 et
1093 2594 1143 2626 14.
1162 2606 1207 2612 —
1225 2589 1347 2635 Scripta
1364 2592 1460 2636 paulo
1475 2600 1546 2639 post

166 2646 375 2691 superiorem.

1337 2701 1412 2750 23.
