1902 3268
626 299 838 331 wistron
877 299 1055 332 cxxxvi.
1440 289 1524 336 501

159 366 419 415 beatitudini
454 379 539 414 tuae
566 366 684 430 quod
716 365 876 411 habere
909 376 1051 429 potest
1087 365 1337 414 insinuasset
1380 372 1522 417 ambi-

157 455 306 499 guum.
332 437 416 484 Sed
443 448 584 483 tamen
622 437 739 493 satis,
762 436 875 482 sicut
894 436 1021 482 etiam
1046 437 1136 500 ipse
1166 440 1352 502 probare
1372 440 1527 501 digna-

155 507 419 564 beris,cult0
439 517 728 570 accuratoque
741 524 952 562 sermone,
973 518 1015 552 et
1036 509 1247 555 Romanae
1263 510 1522 574 eloquentiae

154 579 295 627 nitore
317 578 566 642 perspicuo,
589 577 730 641 aliqua
757 577 839 623 sibi
857 577 1249 641 exsoiviimpendio
1270 581 1519 644 postulavit.

157 649 268 707 Quae
291 648 467 713 quidem
492 648 675 713 quaestio
689 665 995 712 usquequaque
1018 649 1175 695 detrita
1202 662 1280 707 est,
1310 663 1351 697 et
1374 669 1523 699 eorum

155 737 287 784 super
310 720 393 766 hac
416 730 538 784 parte
567 719 665 765 satis
683 729 785 764 nota
805 719 1036 772 calliditas,
1061 720 1136 782 qui
1158 720 1521 784 dispensationem

153 790 387 837 dominicae
409 790 718 836 incarnationis
750 789 974 836 infamant.
1004 790 1088 835 Sed
1114 800 1256 836 tamen
1286 792 1413 837 etiam
1450 810 1528 853 ego

151 862 199 907 in
224 861 309 908 hac
332 872 474 926 parte,
494 861 596 926 quia
618 860 818 925 plurimis
841 860 1058 925 quidquid
1086 862 1349 926 rescripseris
1369 863 1529 926 profu-

153 941 302 978 turum
325 950 411 979 esse
429 931 622 985 confido,
668 941 865 995 precator
899 932 1162 986 accesserim,
1197 944 1242 977 ut
1267 933 1321 978 ad
1347 951 1394 979 ea
1416 935 1530 994 vigi-

151 1001 310 1048 lantius
327 1001 587 1066 respondere
620 1001 823 1061 digneris,
852 1001 898 1046 in
916 1002 1074 1064 quibus
1092 1001 1203 1047 nihil
1226 1003 1411 1066 amplius
1435 1005 1528 1049 Do-

151 1072 321 1118 minum
360 1090 493 1137 quam
531 1072 602 1118 alii
636 1072 835 1117 homines
869 1071 1009 1117 facere
1046 1082 1285 1135 potuerunt
1305 1111 1314 1129 ,
1359 1074 1528 1134 gessisse

151 1144 435 1191 mentiuntur.
474 1143 755 1207 Apollonium
776 1143 988 1206 siquidem
1013 1161 1138 1189 suum
1168 1145 1311 1199 nobis,
1335 1156 1375 1190 et
1400 1147 1527 1208 Apu-

150 1212 281 1260 leium
299 1214 489 1278 aliosque
504 1215 682 1275 magicae
696 1214 798 1260 artis
815 1214 1066 1259 hominesin
1084 1214 1272 1261 medium
1286 1215 1526 1278 proferunt,

151 1299 338 1347 quorum
358 1289 523 1345 majora
550 1284 822 1331 contendunt
845 1284 1026 1330 extitisse
1055 1285 1279 1333 miracula.
1314 1309 1333 1327 ›>

215 1355 274 1403 II.
307 1357 405 1419 Ipse
426 1366 568 1401 autem
593 1355 849 1400 viriliustris
867 1355 1063 1418 superius
1088 1368 1365 1412 memoratus,
1390 1358 1527 1404 multa

149 1442 236 1471 esse
260 1425 367 1471 dixit
390 1426 680 1489 praesentibus
704 1425 951 1489 aliquantis,
971 1443 1071 1489 quae
1089 1426 1195 1472 huic
1216 1432 1527 1491 possentjungi

148 1512 236 1541 non
260 1495 475 1541 immerito
493 1495 744 1558 quaestioni,
772 1496 801 1541 si
830 1506 876 1540 ut
895 1506 992 1541 ante
1005 1495 1110 1551 dixi,
1136 1498 1295 1543 nou'eb
1319 1503 1409 1558 ejus
1428 1518 1528 1563 par-

149 1566 266 1612 tibus
289 1566 531 1630 epistolaris
555 1566 825 1612 considerata
852 1567 1037 1613 brevitas
1056 1566 1215 1614 fuisset.
1245 1569 1357 1625 Quae
1384 1581 1525 1617 tamen

147 1636 249 1683 licet
287 1636 475 1682 scribere
514 1636 724 1691 noluerit,
757 1648 893 1683 tacere
920 1655 1004 1682 non
1038 1650 1100 1682 est
1136 1656 1298 1701 passus
1340 1640 1523 1686 Dicebat

147 1708 280 1763 enim,
304 1707 422 1771 quod
440 1707 515 1753 etsi
541 1707 624 1752 sibi
650 1707 780 1753 hodie
811 1707 1119 1753 incarnationis
1155 1710 1386 1755 dominicae
1416 1712 1523 1756 ratio

147 1778 426 1833 redderetur;
446 1778 568 1824 reddi
589 1779 654 1824 vix
679 1778 732 1824 ad
752 1778 966 1842 liquidum
1000 1780 1150 1842 possit,
1178 1797 1255 1826 cur
1282 1780 1355 1826 hic
1386 1783 1514 1837 Deus,

147 1849 224 1912 qui
247 1859 288 1894 et
311 1848 473 1895 Veteris
498 1849 760 1894 Testamenti
785 1851 898 1894 Deus
916 1866 1001 1894 esse
1022 1851 1234 1903 firmatur,
1259 1852 1414 1913 spretis
1445 1869 1520 1896 ve-

147 1919 311 1965 teribus
323 1919 546 1965 sacrisiciis
564 1918 800 1965 delectatus
824 1930 885 1964 est
906 1920 1040 1966 novis.
1070 1920 1190 1965 Nihil
1211 1922 1324 1965 enim
1357 1922 1514 1982 corrigi

146 2006 269 2052 posse
299 1990 526 2041 asserebat,
556 1989 636 2034 nisi
661 1989 779 2052 quod
809 2001 906 2035 ante
927 1990 1089 2035 factum
1113 2007 1197 2035 non
1217 2002 1329 2036 recte
1350 1993 1518 2055 proba-

146 2071 282 2115 retur,
309 2060 375 2106 vel
395 2060 515 2123 quod
533 2060 661 2106 semel
682 2071 795 2106 recte
822 2060 986 2106 sactum
1013 2062 1081 2112 sit,
1111 2061 1329 2106 immutari
1358 2062 1516 2108 ullate-

146 2147 227 2176 nus
253 2148 340 2177 non
376 2130 588 2177 debuisse.
622 2132 755 2176 Recte
772 2132 885 2176 enim
912 2132 1025 2177 fucta
1049 2132 1223 2177 dicebat
1259 2133 1412 2177 mutari
1438 2133 1517 2178 nisi

146 2201 303 2261 injuste
322 2219 408 2247 non
427 2219 576 2265 posse:
603 2202 784 2247 maxime
802 2202 902 2264 quia
918 2203 996 2247 ista
1022 2202 1201 2247 varietas
1216 2203 1514 2249 inconstantiae

146 2274 288 2317 Deum
309 2272 445 2335 possit
464 2289 653 2332 arguere.
688 2272 802 2317 Tum
823 2271 977 2317 deinde
1001 2271 1121 2334 quod
1141 2275 1232 2331 ejus
1256 2272 1512 2334 praedicatio

147 2352 274 2405 atque
299 2342 499 2388 doctrina
518 2379 529 2398 ,
558 2341 814 2404 reipublicae
840 2342 1037 2386 moribus
1064 2341 1182 2386 nulla
1206 2359 1251 2385 ex
1273 2352 1393 2404 parte
1411 2359 1513 2387 con—

146 2411 318 2466 veniat;
344 2423 515 2476 utpote,
542 2413 651 2458 sicut
668 2431 690 2457 a
717 2411 860 2457 multis
880 2411 1058 2465 dicitur,
1088 2415 1212 2470 cujus
1238 2411 1324 2456 hoc
1345 2423 1511 2457 constet

146 2493 417 2546 praeceptum
438 2493 484 2529 ut
502 2482 610 2529 nulli
634 2482 794 2528 malum
818 2499 897 2545 pro
913 2482 1024 2527 malo
1037 2481 1214 2527 reddere
1227 2481 1509 2538 debean1us1,

146 2563 187 2599 et
208 2554 469 2617 percutienti
490 2552 613 2599 aliam
644 2553 841 2615 praebere
866 2551 1098 2607 maxillam,
1131 2562 1172 2596 et
1210 2551 1391 2615 pallium
1415 2551 1517 2597 dare

197 2637 207 2659 ¹
225 2639 319 2669 Rom.
336 2647 395 2679 κη,
417 2645 467 2677 ι7.
