1902 3268
624 293 834 324 nmsrom
873 294 948 324 cu.
1400 283 1489 345 259

123 361 252 408 tuerit
277 370 432 411 utnon
457 368 622 411 essent,
646 368 762 404 certa
806 359 1005 406 existente
1043 377 1200 416 causa,
1241 379 1319 425 per
1357 375 1490 409 artem

120 430 260 479 effecit
282 428 429 494 potius
460 438 509 474 ut
545 438 708 474 essent:
737 446 837 493 quae
858 446 945 475 uno
967 430 1057 476 solo
1084 430 1234 488 mod0,
1267 433 1378 480 sicut
1418 452 1492 482 su-

119 501 266 569 perius
285 499 397 556 dixi,
423 497 542 546 falsae
567 501 945 557 convincerentur,
977 504 1010 548 si
1032 501 1150 549 nulla
1171 502 1345 552 vulnera
1365 522 1494 554 sana-

120 580 281 619 rentur.

575 713 778 750 QUAESTIO
815 713 1031 744 SECUNDA.

408 820 470 863 De
492 831 681 879 tempore
701 821 954 862 christiam&
975 821 1215 880 religionis.

186 948 310 996 V111.
342 948 453 1001 Iram
473 948 553 994 alia
578 959 923 1011 proposuerunt,
961 966 1063 1012 quae
1082 950 1276 998 dicerent
1302 953 1355 1001 de
1381 957 1497 1003 Por-

121 1019 286 1084 phyrio
321 1028 473 1075 contra
511 1018 782 1064 Christianos
816 1028 1022 1081 tanquam
1039 1019 1250 1068 validiora
1273 1023 1493 1090 decerpta.

122 1112 143 1133 «
159 1091 204 1137 Si
232 1089 434 1135 Christus
452 1106 511 1146 se,
533 1089 756 1153 inquiunt,
785 1090 935 1140 salutis
957 1091 1070 1137 viam
1089 1091 1214 1148 dicit,
1239 1097 1438 1154 gratiam,
1459 1109 1502 1145 et

121 1161 345 1208 veritatem
366 1159 404 1215 1,
441 1161 487 1205 in
507 1177 637 1223 seque
665 1160 754 1205 solo
778 1162 904 1224 ponit
934 1161 1086 1208 animis
1108 1163 1191 1209 sibi
1224 1166 1502 1215 credentibus

121 1230 335 1289 reditum3
378 1229 485 1293 quid
519 1242 699 1290 egerunt
741 1242 804 1276 tot
853 1231 1115 1278 saeculorum
1158 1233 1354 1282 homines
1402 1250 1500 1285 ante

125 1302 382 1348 Christum?
412 1302 465 1346 Ut
492 1301 738 1357 dimittam,
765 1301 934 1365 inquit,
966 1313 1159 1365 tempora
1195 1318 1293 1352 ante
1325 1309 1501 1355 Latium

122 1384 370 1434 regnatum,
399 1372 454 1427 ab
478 1373 572 1434 ipso
592 1373 715 1417 Latio
726 1373 847 1435 quasi
864 1372 1132 1436 principium
1152 1374 1335 1423 humani
1355 1381 1501 1426 nomi-

123 1444 190 1498 nis
225 1459 460 1499 sumamus.
488 1443 539 1495 ln
564 1443 658 1506 ipso
682 1443 807 1490 Latio
829 1455 926 1488 ante
952 1443 1111 1489 Albam
1152 1444 1213 1491 dii
1239 1448 1346 1494 culti
1382 1461 1497 1499 sunt.

125 1515 174 1572 ln
198 1513 306 1561 Alba
323 1530 446 1578 aeque
460 1512 685 1573 religiones
700 1513 899 1576 ritusque·
913 1513 1087 1560 valuere
1106 1517 1386 1580 templorum,
1408 1521 1507 1568 Non

123 1579 408 1649 paucioribus
435 1583 603 1630 saeculis
624 1584 717 1647 ipsa=
741 1585 900 1640 Roma,
927 1583 1056 1645 longo
1080 1587 1339 1634 saeculorum
1362 1602 1506 1639 tractu

123 1659 212 1704 sine
228 1657 464 1709 christiana
489 1657 580 1717 lege
596 1656 694 1704 fuit.
725 1656 863 1713 Quid,
893 1657 1052 1720 inquit,
1072 1670 1217 1706 actum
1241 1661 1296 1707 de
1314 1673 1403 1708 tam
1430 1664 1505 1709 in-

123 1729 316 1780 numeris
335 1727 506 1782 animis,
524 1728 600 1790 qui
636 1727 815 1772 omnino
839 1727 883 1773 in
902 1728 1035 1791 culpa
1065 1729 1186 1774 nulla
1201 1743 1303 1777 sunt
1323 1750 1334 1777 ε
1362 1735 1504 1798 siqui-

124 1799 222 1846 dem
256 1802 306 1854 is,
342 1799 413 1844 cui
438 1798 556 1844 credi
584 1809 744 1861 posset,
778 1798 973 1844 nonduin
1003 1798 1236 1849 adventum
1267 1820 1391 1850 suum
1417 1805 1506 1852 ho-

124 1869 316 1920 minibus
345 1868 676 1918 commodarat?
699 1869 834 1915 Orbis
859 1886 1033 1932 quoque
1054 1872 1270 1935 cum'ipsa
1294 1874 1436 1922 Roma
1458 1877 1504 1923 in

122 1940 281 1988 ritibus
310 1940 576 2004 templorum
612 1939 761 1986 caluit.
806 1941 969 1996 Quare,
1007 1941 1168 2004 inquit,
1198 1944 1399 1991 Salvator
1423 1948 1502 2011 qui

123 2011 267 2060 dictus
284 2021 359 2064 est,
377 2028 463 2059 sese
478 2010 723 2056 totsaeculis
741 2011 979 2056 subduxit?
994 2011 1078 2057 Sed
1096 2029 1164 2063 ne,
1179 2014 1338 2078 inquit⁷
1357 2016 1502 2063 dicam

123 2081 214 2142 lege
236 2081 420 2128 Juda'ica
440 2093 580 2127 vetere
595 2081 825 2126 hominum
851 2091 1053 2127 curatum
1078 2099 1228 2142 genus,
1254 2085 1383 2146 longo
1402 2099 1502 2151 post

124 2163 319 2215 tempore
339 2151 403 2197 lex
423 2152 682 2197 Judaeorum
708 2152 914 2215 apparuit
935 2170 984 2198 ac
1002 2154 1140 2212 viguit
1158 2167 1336 2215 angusta
1361 2158 1500 2220 Syriae

123 2223 315 2281 regione,
337 2232 484 2284 postea
508 2238 607 2267 vero
626 2223 844 2285 prorepsit
868 2223 997 2268 etiam
1034 2223 1080 2268 in
1107 2225 1211 2270 fines
1240 2227 1395 2282 ltalos;
1428 2229 1503 2275 sed

123 2301 224 2355 post
263 2292 476 2337 Caesarem
515 2295 688 2347 Caium,
732 2303 806 2338 aut
830 2303 944 2338 certe
967 2293 1063 2356 ipso
1087 2294 1342 2357 imperante.
1381 2299 1502 2355 Quid

121 2362 257 2422 igitur
275 2371 421 2407 actum
440 2361 493 2406 de
511 2362 719 2407 Romanis
743 2362 971 2408 animabus
989 2362 1057 2409 vel
1080 2365 1261 2420 LatiniS‚
1285 2384 1384 2431 quae
1403 2385 1498 2429 gra-

123 2432 182 2478 tia
205 2430 401 2476 nondum
426 2430 693 2477 advenientis
727 2432 892 2478 Christi
931 2431 1124 2479 viduatae
1146 2445 1262 2491 sunt,
1292 2453 1428 2501 usque
1456 2441 1500 2486 in

124 2502 347 2548 Caesarum
368 2504 568 2565 tempus?
590 2522 612 2545 »

173 2599 185 2623 ²
203 2602 297 2634 Joau.
317 2611 385 2640 xxv,
399 2602 433 2635 6.

1300 2684 1370 2733 ¹7·
