1902 3268
355 276 441 319 132
773 290 807 316 s.
851 286 1096 320 Ausus'rmi
1131 289 1332 321 muscum

348 353 511 400 fecerit.
547 354 611 399 An
646 370 733 398 non
759 352 980 416 aliquanto
1012 365 1206 419 tempore
1238 355 1472 412 latentem,
1511 367 1553 402 et
1581 367 1727 420 postea

349 423 575 488 proditum
598 425 935 486 convictumque
955 425 1199 471 damnatis?
1236 428 1399 482 Quaero
1428 426 1559 486 igitur
1582 437 1728 472 utrum

349 511 425 540 vos
449 493 810 539 contaminaverit
840 510 888 538 eo
920 504 1115 557 tempore
1134 512 1222 558 quo
1246 495 1440 541 latebat?
1470 496 1728 559 Responde—

347 565 442 619 bis,
483 563 604 609 nullo
645 563 789 610 modo.
843 563 975 610 Nullo
1008 582 1108 625 ergo
1142 576 1337 629 tempore
1378 568 1726 621 contaminaret,

348 634 514 680 etiamsi
537 651 705 697 semper
723 634 766 680 id
801 634 951 680 lateret
978 653 988 680 z
1021 654 1120 682 nam
1158 647 1199 682 et
1229 648 1497 684 mortuorum
1523 637 1731 683 nonnulla

353 722 470 768 saepe
508 705 735 750 commissa
772 705 1045 768 produntur,
1083 723 1160 752 nec
1178 706 1322 752 fraudi
1355 718 1415 752 cst
1438 708 1728 762 Christianis,

356 776 432 838 qui
450 776 508 821 eis
533 776 913 822 communicavere
932 776 1194 823 viventibus
1223 778 1314 823 Cur
1336 795 1435 837 ergo
1462 796 1537 824 vos
1562 789 1646 825 tam
1673 790 1732 824 te=

348 846 532 891 meraria
562 856 692 908 atque
717 846 924 907 sacrilega
956 846 1245 911 diremptione
1276 848 1540 912 praecidistis
1563 868 1586 895 a
1615 867 1733 895 cont-

348 919 556 964 munione
584 919 975 966 innumerabilium
997 922 1276 968 ecclesiarum
1294 922 1603 979 Orientalium,
1628 940 1735 986 quas

347 1006 519 1053 semper
539 989 687 1046 latuit,
712 1002 754 1036 et
778 991 928 1037 adhuc
948 991 1052 1038 latet
1071 993 1191 1057 quod
1219 992 1263 1038 in
1288 992 1436 1038 Africa
1460 1004 1624 1052 gestum
1649 1010 1734 1040 esse

348 1072 424 1106 aut
448 1061 616 1107 docetis
638 1073 712 1107 aut
734 1063 912 1122 fingitis.

414 1133 473 1179 ΙΙ.
507 1132 600 1179 Alia
631 1133 749 1179 enim
785 1133 972 1195 qaeestio
1011 1144 1102 1189 est,
1140 1144 1286 1179 utrum
1323 1134 1394 1180 illa
1421 1151 1520 1180 vera
1544 1134 1732 1190 dicatis,

346 1221 447 1268 quse
467 1204 646 1268 quidem
675 1220 751 1250 nos
772 1203 914 1249 multo
941 1203 1320 1266 probabilioribus
1342 1204 1615 1252 documentis
1630 1205 1737 1252 falsa

347 1294 434 1323 esse
455 1275 759 1322 convincimus
783 1312 793 1330 ‚
821 1285 864 1319 et
885 1274 929 1319 in
952 1274 1103 1320 vestris
1122 1275 1256 1335 magis
1276 1292 1322 1321 ea
1343 1275 1437 1339 ipsa
1454 1313 1464 1333 ,
1492 1294 1592 1340 quae
1616 1276 1737 1336 obji-

348 1349 463 1405 citis,
491 1359 596 1394 tunc
635 1345 827 1411 probata
852 1344 1140 1393 declaramus.
1173 1345 1257 1391 Sed
1295 1346 1423 1402 haec,
1462 1359 1510 1393 ut
1532 1348 1620 1394 dixi
1654 1348 1736 1395 alia

350 1420 535 1485 quaestio
569 1430 652 1474 est,
683 1429 787 1464 tunc
809 1415 1096 1476 aggredienda
1119 1428 1159 1462 et
1179 1416 1477 1474 discutienda,
1507 1436 1607 1465 cum
1627 1436 1738 1484 opus

348 1492 495 1539 fuerit.
524 1489 641 1535 Illud
664 1504 781 1534 nunc
802 1486 998 1533 attendat
1020 1487 1245 1547 vigilantia
1270 1489 1425 1534 mentis
1448 1498 1534 1535 tuae
1552 1526 1563 1546 ‚
1594 1490 1738 1536 nemi-

351 1580 451 1609 nem
492 1559 779 1607 contaminari
815 1573 938 1621 posse
976 1557 1226 1616 ignotorum
1267 1557 1426 1617 ignotis
1458 1559 1732 1607 criminibus.

353 1632 480 1680 Unde
506 1630 783 1678 manifestum
813 1639 874 1673 est
896 1645 918 1672 a
937 1627 1249 1673 communione
1277 1627 1395 1673 orbis
1412 1665 1423 1684 ‚
1451 1629 1522 1674 cui
1541 1646 1614 1675 seu
1635 1629 1740 1676 falsa

356 1721 429 1749 seu
457 1720 555 1749 vera
585 1700 769 1747 crimina
793 1736 804 1755 ,
828 1715 929 1762 quae
960 1697 1071 1743 Afris
1099 1698 1350 1753 intenditis,
1387 1715 1565 1761 prorsus
1592 1700 1740 1760 ignota

357 1784 459 1820 sunt
478 1811 488 1829 ‚
517 1784 559 1819 et
578 1773 725 1832 ignota
743 1787 912 1832 semper
933 1769 1138 1825 fuerunt,
1172 1768 1377 1829 sacrilego
1409 1769 1641 1817 schismate
1665 1788 1740 1817 vos

358 1862 443 1891 esse
478 1854 696 1907 separatos
719 1860 728 1886 z
756 1857 1011 1905 quanquam
1041 1851 1083 1885 et.
1110 1840 1220 1885 illud
1247 1856 1335 1884 non
1373 1850 1433 1885 est
1458 1840 1705 1902 ⁴tacendum
1724 1879 1736 1899 ‚

359 1916 489 1961 etiam
524 1913 724 1973 cognitos
751 1911 887 1956 malos
925 1910 1053 1955 bonis
1086 1927 1173 1955 non
1202 1910 1348 1955 obesse
1378 1910 1421 1955 in
1455 1911 1647 1958 Ecclesia
1669 1949 1680 1969 ,
1706 1912 1741 1958 si

359 2003 429 2031 eos
468 2004 490 2030 a
523 1983 834 2030 communione
866 1981 1133 2044 prohibendi
1168 1991 1242 2026 aut
1276 1991 1465 2044 potestas
1495 1981 1639 2039 desit,
1667 1993 1743 2029 aut

361 2055 504 2119 aliqua
531 2055 640 2100 ratio
665 2050 1348 2114 conservandaepacisimpediat.
1374 2052 1463 2109 Qui
1487 2063 1586 2099 sunt
1603 2053 1737 2110 enim,

363 2127 438 2190 qui
474 2125 589 2189 apud
622 2124 882 2187 proplietam
922 2121 1191 2167 Ezechielem
1216 2159 1226 2177 ,
1264 2133 1306 2167 et
1335 2133 1432 2168 ante
1459 2123 1742 2170 vastationem

363 2196 637 2261 perditorum
667 2194 827 2254 signari
854 2192 1130 2238 meruerunt¹
1153 2229 1163 2247 ‚
1197 2203 1239 2237 et
1262 2209 1361 2238 cum
1389 2193 1450 2239 illi
1474 2202 1744 2241 vastarentur

363 2266 543 2312 evadere
562 2265 684 2311 iltaesi
705 2302 715 2320 ‚
737 2264 817 2309 nisi
845 2274 892 2308 ut
913 2263 974 2308 ibi
1001 2263 1344 2308 manifestissime
1369 2263 1610 2310 ostenditur
1628 2302 1638 2319 ‚
1666 2264 1743 2329 qui

365 2347 553 2383 moerent
578 2346 618 2381 et
652 2345 830 2395 gemunt
868 2345 1050 2398 peccata
1085 2345 1127 2379 et
1162 2334 1410 2397 iniquitates
1447 2335 1601 2399 populi
1630 2334 1739 2391 Dei,

364 2425 463 2472 quae
489 2408 599 2452 flunt
631 2406 672 2451 iu
708 2405 852 2451 medio
878 2408 1065 2451 corum?
1096 2406 1193 2468 quis
1215 2416 1356 2450 autem
1382 2406 1501 2469 quod
1537 2407 1707 2466 ignorat
1728 2443 1739 2462 ,

364 2478 496 2538 gemit
518 2514 528 2532 ,
550 2487 591 2521 et
610 2479 800 2521 moeret?
829 2477 889 2520 Ex
914 2474 1062 2520 eadem
1087 2474 1252 2520 ratione
1276 2475 1402 2520 etiam
1428 2475 1593 2521 Paulus
1611 2493 1743 2539 apos-

363 2547 476 2594 tolus
503 2547 630 2593 falsos
659 2545 810 2592 fratres
840 2545 1013 2592 tolerat.
1048 2546 1147 2592 Non
1171 2546 1285 2592 enim
1311 2545 1365 2592 de
1390 2546 1622 2605 incognitis
1647 2546 1740 2602 ait,

408 2633 417 2652 ¹
440 2630 554 2663 Ezeeh.
575 2641 622 2671 xx,
646 2636 676 2665 4.
