1902 3268
647 292 858 326 EPIsTOLA
896 293 1025 325 cviii.
1434 281 1524 345 317

154 372 416 410 caracterem
433 397 443 417 ‚
470 377 558 406 non
580 359 720 406 solum
749 377 879 424 quem
906 359 997 423 ipse
1025 360 1142 423 apud
1170 377 1242 407 vos
1270 374 1524 424 acceperat,

152 431 225 480 sed
243 442 284 478 et
297 447 427 496 quem
446 430 540 477 aliis
553 441 667 477 extra
686 448 761 478 vos
777 430 966 477 desertor
983 430 1204 488 infixerat,
1223 431 1317 495 ipso
1330 442 1526 477 correcto

151 502 314 549 violare
335 519 423 548 non
448 502 538 548 ausi
556 513 678 560 sunt,
709 502 812 567 quia
836 503 1001 563 regium
1027 514 1338 562 cognoverunt.
1364 504 1427 549 De
1440 503 1529 549 hoc

152 589 301 619 eorum
323 571 438 619 facto
460 581 547 619 tam
577 574 694 619 bono
710 572 911 633 judicare
940 590 1029 618 non
1049 572 1137 629 vis,
1161 573 1239 619 ubi
1261 590 1332 620 eos
1350 572 1528 619 deberes

151 640 434 689 laudabiliter
450 642 612 689 imitari
630 680 641 699 ‚
668 653 710 689 et
733 643 920 706 sequeris
939 642 1159 703 J'udicium
1175 660 1326 690 eorum
1345 681 1356 700 ,
1376 643 1420 688 in
1442 659 1529 706 quo

152 724 374 759 merentur
398 713 454 759 ab
473 714 679 759 omuibus
701 712 920 760 detestari.
946 714 1089 759 Times
1108 712 1162 758 de
1177 714 1401 760 Primiano
1415 713 1533 773 judi-

151 799 277 838 care,
303 801 358 830 ne
382 784 550 844 cogaris
579 783 730 830 audire
754 784 874 846 quod
897 783 1050 847 culpes
1076 800 1086 828 :
1114 784 1202 829 imo
1220 800 1321 829 vero
1347 782 1497 843 ¹judica
1516 821 1526 834 ,

150 863 192 899 et
220 853 310 899 illic
350 853 485 913 magis
520 854 682 917 poteris
719 853 912 899 invenire
946 852 1066 916 quod
1088 852 1250 900 laudes.
1290 854 1390 899 Non
1415 854 1529 899 enim

148 923 270 988 quod
297 923 409 970 male
430 923 539 970 fecit
570 923 845 979 Primianus,
875 935 915 969 te
938 923 1140 969 volumus
1163 941 1426 980 memorare,
1458 923 1531 970 sed

150 993 271 1057 quod
299 994 464 1058 optime
485 993 590 1040 fecit
614 1012 625 1040 ι
655 994 733 1059 qui
761 994 806 1040 in
827 994 1111 1057 suscipiendis
1129 1031 1139 1049 ,
1165 1011 1273 1058 quos
1293 998 1382 1055 ejus
1404 993 1532 1040 dam-

148 1074 276 1109 nator
287 1062 332 1109 in
350 1063 620 1127 separatione
642 1064 970 1110 sceleratissima
993 1064 1315 1127 baptizaverat,
1342 1081 1530 1109 errorem

147 1133 380 1180 hominum
400 1134 606 1190 correxit,
625 1151 714 1179 non
732 1134 811 1180 Dei
827 1144 1093 1180 sacramenta
1107 1133 1329 1181 destruxit.
1355 1135 1529 1180 Bonum

149 1203 314 1250 Christi
336 1204 440 1250 etin
457 1204 714 1250 hominibus
740 1203 941 1264 malignis
960 1204 1136 1263 agnovit
1160 1221 1171 1248 :
1200 1203 1363 1249 malum
1383 1215 1527 1250 autem

147 1273 379 1320 hominum
398 1311 409 1331 ,
432 1291 523 1320 non
542 1274 705 1320 violato
729 1274 895 1321 Christi
914 1275 1057 1331 bono,
1088 1274 1350 1321 emendavit.
1385 1276 1467 1320 Aut
1492 1275 1525 1319 si

147 1341 235 1390 hoc
260 1343 426 1390 factum
445 1343 649 1407 displicet
669 1344 775 1401 tibi,
798 1343 910 1390 illud
924 1343 1075 1390 saltem
1104 1343 1300 1400 attende,
1323 1343 1430 1390 illud
1449 1361 1529 1407 pro

147 1412 266 1460 bono
291 1425 368 1461 tuo
386 1414 560 1474 ingenio
579 1413 820 1477 prudenter
839 1413 1034 1471 adverte,
1053 1414 1156 1477 quia
1175 1430 1312 1460 unum
1336 1414 1528 1459 Primia-

146 1498 252 1529 num
284 1501 373 1529 non
405 1482 581 1544 ⁸judicas
616 1483 670 1529 de
696 1483 823 1529 factis
850 1483 985 1547 ipsius
1022 1484 1233 1530 Primiani
1250 1521 1262 1541 ,
1303 1495 1344 1529 et
1380 1484 1528 1530 orbem

147 1552 435 1600 christianum
454 1553 630 1614 judicas
648 1553 703 1600 de
716 1553 842 1600 factis
862 1554 1102 1601 Caeciliani.
1133 1554 1278 1600 Times
1299 1565 1404 1599 nete
1428 1554 1530 1617 pol-

146 1621 266 1679 luat,
287 1622 322 1669 si
338 1623 508 1670 noveris
530 1623 652 1686 quod
669 1623 896 1670 vindicare
913 1640 1000 1669 nou
1022 1622 1194 1670 audeas.
1231 1623 1416 1670 Absolve
1431 1641 1530 1683 ergo

148 1703 296 1752 gentes
311 1729 322 1748 ‚
344 1709 446 1757 quae
468 1710 549 1739 nec
568 1710 691 1739 nosse
711 1703 913 1757 poterant
938 1693 1058 1757 quod
1073 1709 1263 1740 accusas.

213 1761 264 1810 V.
293 1763 383 1809 Nec
405 1773 549 1808 tamen
572 1763 682 1809 illud
701 1763 829 1809 unius
849 1763 1061 1809 Primiani
1082 1762 1248 1809 factum
1272 1774 1362 1817 est3
1389 1764 1526 1809 scisiu

146 1843 360 1896 quantum
387 1833 544 1896 opinor
556 1843 599 1878 et
617 1843 689 1890 tu,
710 1844 885 1879 centum
905 1834 1038 1880 ferme
1057 1834 1251 1897 episcopi
1279 1835 1406 1880 vestri
1429 1833 1522 1880 fac-

145 1901 261 1947 tione
277 1902 518 1948 damnabili
537 1919 637 1948 cum
671 1870 930 1948 iilaximiano
968 1903 1284 1966 conspirantes,
1313 1904 1402 1950 ausi
1426 1914 1524 1950 sunt

146 1971 352 2018 damnare
385 1972 685 2029 Primianum3
718 1983 760 2019 et
784 1983 1076 2019 trecentorum
1113 1973 1263 2019 decem
1298 1973 1528 2034 Vaga'iensi

146 2044 353 2099 concilio,
385 2043 498 2090 sicut
515 2043 677 2090 decreti
704 2047 794 2104 ejus
814 2045 945 2090 verba
963 2055 1226 2108 personant:
1251 2066 1271 2086 ε(
1296 2045 1525 2091 Maximia-

144 2135 160 2154 »
177 2130 283 2160 num
303 2113 406 2160 fidei
425 2114 651 2171 aemulum,
668 2114 860 2161 veritatis
875 2115 1138 2172 adulterum,
1152 2115 1359 2161 Ecclesiae
1377 2116 1527 2162 matris

146 2183 405 2230 »inimicum
423 2221 435 2240 ,
466 2184 654 2240 Dathan‚
678 2184 848 2240 Chore,
875 2197 917 2231 et
955 2185 1120 2231 Abiron
1162 2185 1406 2231 ministrum
1433 2222 1443 2240 ‚
1472 2185 1526 2231 de

146 2276 161 2294 »
178 2254 298 2317 pacis
318 2255 480 2314 gremio
500 2253 721 2300 sententiae
737 2253 903 2301 fulmen
924 2255 1118 2301 excussit.
1146 2276 1166 2296 n
1184 2255 1299 2300 Hinc
1316 2254 1387 2300 alii
1408 2254 1526 2301 duo-

144 2321 306 2380 decim,
332 2324 409 2387 qui
431 2327 522 2384 ejus
545 2323 827 2381 ordinationi,
852 2325 1032 2389 quando
1068 2334 1221 2370 contra
1245 2323 1520 2371 Primianum

144 2394 311 2441 levatus
328 2406 403 2452 est,
427 2394 725 2453 interfuerant,
741 2413 827 2441 non
844 2397 976 2443 dilata
997 2396 1274 2443 damnatione
1296 2398 1524 2457 conjuncti

145 2475 273 2510 sunt:
301 2465 468 2512 caeteris
482 2476 644 2522 autem,
668 2483 721 2512 ne
739 2466 871 2512 nimia
894 2467 1092 2530 praecisio
1112 2467 1249 2522 fieret,
1275 2469 1522 2529 praestituto

144 2535 232 2593 die,
258 2535 469 2582 redeundi
487 2547 550 2582 est
566 2553 766 2583 concessa
798 2537 969 2592 dilatio,
995 2536 1121 2583 salvis
1144 2537 1231 2583 suis
1256 2536 1518 2593 honoribus,

144 2605 179 2651 si
201 2605 315 2653 iutra
348 2607 583 2654 terminum
628 2607 835 2670 temporis
878 2617 1145 2653 remeassent.
1174 2606 1262 2653 Nec
1288 2607 1524 2654 timuerunt
