1902 3268
338 291 431 346 488
757 310 789 339 5.
834 309 1077 340 Αυ611511Ν1
1115 310 1318 341 111156οΡ1

339 374 455 418 tione
476 374 670 437 corporis
682 390 814 436 quam
839 374 1077 436 plurimum
1099 375 1331 435 adjuvatur
1349 376 1530 422 oratiost.
1558 374 1705 420 Faciat

336 460 524 507 quaeque
544 455 731 490 vestrum
752 445 869 506 quod
890 446 1047 507 poterit
1066 463 1076 488 ε
1096 447 1213 507 quod
1234 447 1366 492 altera
1380 449 1521 492 minus
1544 456 1700 509 potest,
1731 481 1740 491 ,

337 514 382 559 111
407 532 453 560 ea
471 532 569 577 quae
589 526 728 577 potest
754 514 881 567 facit,
903 515 935 559 si
956 515 999 559 in
1020 515 1149 560 altera
1170 516 1336 576 diligit,
1357 518 1477 580 quod
1496 516 1592 562 idco
1605 517 1707 578 quia

336 601 425 628 non
449 595 587 646 potest
610 585 701 647 ipsa
720 602 805 629 non
821 584 953 629 facit:
974 586 1158 647 proinde
1175 603 1251 648 qu
1240 604 1275 631 e
1294 588 1436 632 minus
1458 587 1596 641 valet,
1623 602 1712 630 non

328 653 540 716 impediat
564 655 660 716 plus
686 655 925 709 valentem,
952 665 993 699 et
1023 672 1123 717 quae
1155 656 1254 717 plus
1278 657 1414 713 valet,
1444 674 1532 702 non
1559 665 1712 715 urgeat

334 724 478 769 minus
508 724 734 771 valentem.
765 691 1081 770 Conscientiam
1109 727 1277 789 quippe
1297 738 1479 772 vestrim
1509 729 1599 772 Deo
1630 726 1710 770 (le-

333 794 461 848 betis,
501 796 661 840 nemini
694 806 837 841 autem
872 806 1058 841 vestrum
1096 796 1258 859 aliquid
1295 797 1511 848 debeatis
1545 796 1627 842 nisi
1662 806 1710 841 ut

331 865 518 909 invicem
550 865 752 924 diligatis,
792 866 1002 912 Exaudiat
1030 877 1068 911 te
1094 867 1333 922 Dominus,
1356 868 1431 931 qui
1464 878 1620 931 potens
1649 876 1710 912 est

330 933 468 979 facere
492 951 624 997 supra
648 951 780 998 quam
805 936 993 998 petimus
1019 947 1094 981 aut
1116 936 1410 997 intelligimus.

327 1093 461 1108 Μννυιικ
473 1093 555 1107 mm
564 1094 602 1108 Μ
611 1095 1164 1112 nwxwwvxwvwvwxmwvvwxvanm
1172 1099 1301 1113 numm
1311 1099 1396 1115 ννιννι
1404 1100 1483 1116 vvvw
1497 1097 1611 1112 uuum
1628 1097 1662 1110 νν
1672 1096 1716 1111 Μ

758 1211 1024 1255 EPISTOLA
1060 1212 1243 1255 CXXXI
1263 1212 1293 1253 ².

334 1333 515 1373 Dominae
550 1337 689 1388 insigni
728 1346 766 1376 et
806 1339 949 1376 merito
988 1336 1130 1375 illustri
1174 1346 1212 1375 et
1249 1336 1575 1388 praestantissimffl
1622 1335 1711 1374 filiae

570 1397 712 1436 Pnossffi
731 1428 740 1444 ‚
763 1400 1005 1437 Ancuswmrs
1031 1399 1069 1436 in
1092 1399 1263 1437 Domino
1284 1398 1466 1437 salutem.

335 1527 613 1584 Augustinus
639 1528 831 1570 Probam
856 1530 1090 1578 resalutat,
1119 1542 1157 1572 et
1179 1534 1350 1588 gratias
1380 1531 1499 1587 agie,
1525 1530 1639 1585 quod
1660 1529 1711 1570 de-

687 1597 825 1637 salute
844 1597 980 1652 ipsius
995 1598 1131 1654 suerit
1149 1598 1349 1639 sollicita.

404 1747 486 1791 EST
502 1745 678 1810 quidem
700 1747 758 1792 ita
774 1785 784 1804 ,
807 1758 854 1793 111
872 1747 979 1793 dicis
995 1785 1006 1805 ‚
1026 1748 1145 1811 quocl
1168 1748 1211 1793 in
1227 1764 1409 1811 corpore
1428 1747 1707 1810 corruptibili

336 1818 477 1863 anima
489 1819 723 1864 constituta
739 1830 903 1865 terrena
915 1819 1101 1882 quadam
1115 1820 1371 1879 contagiOne
1382 1819 1707 1878 constringitur,

335 1899 378 1933 61
404 1887 475 1933 tali
502 1904 629 1934 onere
649 1889 841 1952 quodam
864 1889 994 1935 modo
1013 1889 1211 1952 depressa
1239 1901 1463 1942 curvatur,
1488 1890 1596 1934 utin
1622 1889 1711 1934 11110

334 1958 495 2013 multa,
524 1976 654 2021 quam
693 1960 738 2005 in
779 1978 950 2006 summo
983 1977 1117 2005 unuin
1154 1960 1323 2006 facilius
1358 1961 1642 2023 concupiscat
1670 1971 1711 2005 et

333 2029 506 2088 cogitet.
530 2030 639 2073 Nam
660 2029 746 2075 hoc
760 2031 886 2075 etiam
909 2041 1054 2075 sancta
1075 2031 1300 2093 Scriptura
1319 2031 1378 2075 ita
1399 2030 1506 2075 dicit
1527 2048 1536 2074 :
1559 2051 1577 2071 «
1603 2031 1709 2075 Cor-

334 2121 355 2141 »
378 2116 461 2162 pus
478 2099 592 2144 enim
619 2101 739 2162 quod
764 2102 1064 2164 corrumpitur
1088 2112 1291 2161 aggravat
1325 2101 1510 2146 animam
1526 2138 1536 2157 ,
1561 2111 1602 2146 61
1630 2102 1710 2145 de-

333 2190 356 2211 »
376 2169 528 2231 primit
550 2179 711 2215 terrena
730 2171 997 2216 inhabitatio
1014 2188 1184 2216 sensum
1204 2171 1340 2216 multa
1363 2171 1666 2231 cogitantem-⁶².
1690 2193 1710 2213 »

333 2239 418 2284 Sed
456 2238 553 2284 ideo
580 2241 697 2285 venit
732 2241 929 2287 Salvator
960 2253 1118 2292 noster,
1153 2242 1228 2305 qui
1253 2242 1480 2287 mulierem
1512 2242 1630 2287 illam
1665 2242 1710 2287 iu

334 2309 567 2368 Evangelio
591 2327 669 2373 per
695 2310 846 2357 decem-
871 2323 912 2357 61
946 2324 1044 2358 octo
1073 2330 1206 2357 annos
1230 2329 1406 2358 curvam
1423 2312 1464 2368 ³,
1487 2329 1588 2376 quae
1616 2312 1710 2357 for-

336 2390 445 2424 tasse
481 2378 568 2424 hoc
599 2380 902 2440 significabat,
942 2383 1076 2427 verbo
1104 2382 1253 2428 salutis
1288 2383 1440 2436 erexit,
1480 2393 1529 2427 ut
1566 2383 1710 2428 anima

335 2449 573 2496 christiana
594 2467 681 2495 non
701 2451 858 2497 frustra
879 2452 1048 2510 audiat,
1074 2474 1092 2493 «
1117 2454 1298 2498 Sursum
1322 2469 1398 2498 cor
1419 2470 1429 2498 :
1455 2474 1474 2494 n
1499 2469 1577 2498 nec
1600 2452 1709 2497 frus-

380 2556 392 2580 *
410 2557 489 2589 Tob.
506 2568 568 2596 xn,
585 2560 616 2590 3.
636 2577 675 2583 —
696 2557 709 2581 3
727 2560 814 2592 Alias
831 2573 916 2594 cnvr.
935 2573 1007 2604 quae
1023 2568 1129 2594 antem
1160 2564 1219 2593 131
1236 2567 1317 2599 erat,
1331 2572 1415 2593 nunc
1433 2572 1505 2592 101.
1524 2579 1565 2585 —
1583 2561 1707 2604 Scripta

333 2613 414 2646 cirea
431 2613 515 2646 idem
534 2619 668 2659 tempus.
692 2634 734 2639 —
749 2613 763 2636 3
780 2619 850 2660 Sap.
867 2629 909 2657 tx,
931 2619 983 2650 15.
998 2637 1042 2641 —
1062 2616 1074 2640 ⁴
1097 2616 1170 2649 Luc.
1193 2629 1273 2651 xm,
