1902 3268
317 307 409 367 524
738 327 773 358 s.
819 326 1060 357 AtzcrsTlNi
1100 324 1303 356 nriscort

317 391 531 438 venticula
551 392 824 439 Judaeorum.
863 393 917 438 Et
951 391 1055 438 alibi
1092 391 1224 437 dicit:
1247 413 1266 432 «
1295 392 1391 437 Nou
1417 392 1626 456 accipiam
1646 390 1699 438 de

318 482 338 501 υ
354 479 484 509 manu
500 474 568 509 tua
582 463 741 510 vitulos
761 478 896 526 neque
906 462 959 507 de
975 462 1174 521 gregibus
1192 462 1275 508 tuis
1287 462 1466 510 hircos1.
1479 485 1497 504 »
1519 465 1572 509 Et
1591 463 1699 509 alius

319 532 539 595 Propheta
559 552 569 578 :
593 534 755 589 «Ecce,
777 532 938 595 inquit,
958 532 1046 577 dies
1064 532 1252 587 venient,
1277 532 1383 578 dicit
1404 534 1633 590 Dominus,
1658 544 1699 579 et

319 622 339 643 υ
356 603 628 649 confirmabo
651 620 780 666 super
800 602 982 648 domum
998 602 1138 648 Jacob
1153 602 1475 648 Testamentum
1496 605 1667 650 Novum
1684 641 1696 662 ,

319 690 440 718 »uon
461 673 573 719 sicut
592 674 913 719 Testamentum
945 671 1064 736 quod
1088 672 1282 736 disposui
1307 674 1508 736 patribus
1526 691 1696 731 eorum,

317 763 337 784 >³
356 760 456 789 cum
480 743 605 790 eduxi
624 761 694 790 eos
714 743 767 790 de
789 753 899 788 terra
913 742 1089 806 AEgypti
1107 744 1142 788 2.
1162 763 1181 783 >2
1207 744 1262 788 Et
1280 743 1361 789 alia
1375 743 1512 789 multa
1529 755 1628 790 sunt
1648 744 1701 790 de

318 814 403 860 hac
422 832 466 860 re
492 815 751 871 testimonia,
780 814 942 877 quibus
958 813 1044 859 hoc
1070 815 1210 858 Deum
1234 813 1454 860 facturum
1476 832 1562 861 esse
1578 832 1700 879 prae-

316 884 484 931 dictum
524 896 601 941 est,
630 902 729 948 quae
760 901 1100 930 commemorare
1127 901 1245 930 nunc
1281 884 1462 945 longum
1485 896 1559 932 est.

382 955 503 1002 Vlll.
527 955 713 1016 Hicjam
728 955 762 1001 si
782 955 882 1000 satis
903 955 1115 1011 constitit,
1136 955 1255 1018 quod
1279 967 1392 1002 recte
1407 956 1490 1002 alio
1506 967 1701 1021 tempore

318 1042 438 1088 posse
459 1026 743 1072 constitutum
765 1035 842 1080 est,
868 1024 981 1070 idem
1001 1035 1115 1071 recte
1141 1025 1222 1071 alio
1243 1036 1436 1090 tempore
1458 1044 1581 1091 posse
1606 1043 1701 1074 mu-

316 1096 415 1152 tari,
427 1097 632 1143 mutantis
645 1114 791 1160 opere,
805 1113 892 1141 non
907 1095 1188 1159 dispositione
1206 1107 1389 1153 mutata,
1406 1115 1538 1161 quam
1554 1098 1701 1162 dispo-

318 1168 515 1214 sitionem
535 1167 821 1227 intelligibilis
838 1167 946 1213 ratio
965 1167 1176 1223 continet,
1210 1167 1287 1212 ubi
1310 1168 1398 1214 sine
1418 1179 1614 1232 tempore
1639 1170 1700 1215 si-

317 1239 409 1285 mul
423 1251 540 1297 sunt,
559 1257 658 1304 quae
673 1240 717 1285 in
735 1239 1004 1302 temporibus
1016 1239 1145 1284 simul
1170 1239 1262 1284 fieJi
1281 1257 1367 1285 non
1382 1252 1580 1302 possunt,
1598 1241 1701 1305 quia

318 1321 515 1374 tempora
539 1328 626 1356 non
656 1310 784 1356 simul
808 1321 1017 1356 currunt:
1059 1309 1275 1373 quispiam
1306 1310 1496 1357 fortassis
1509 1322 1702 1375 expectet

318 1400 356 1427 c
353 1399 466 1428 tusas
486 1382 677 1428 anobis
666 1382 801 1445 ipsius
823 1381 1078 1427 mutationis
1104 1381 1319 1444 tempere,
1343 1381 1493 1445 quod
1483 1400 1574 1446 ipse
1589 1384 1702 1429 nosti

316 1469 448 1516 quam
469 1453 626 1516 prolixi
643 1452 698 1498 sit
718 1452 891 1512 neootii.
902 1452 1209 1498 Verumtamen
1227 1452 1418 1499 b1eviter
1436 1452 1525 1499 dici
1539 1464 1697 1516 potest,

318 1523 436 1586 quod
466 1523 636 1569 homini
666 1534 793 1569 acuto
832 1524 1008 1569 fortasse
1050 1523 1281 1578 suffecerit,
1305 1523 1397 1569 aliis
1422 1525 1699 1571 sacramentis

320 1594 608 1656 praenuntiari
632 1593 856 1638 Christum
880 1610 980 1639 cum
1007 1604 1210 1639 venturus
1235 1603 1358 1649 esset,
1381 1593 1473 1638 aliis
1499 1611 1599 1639 cum
1624 1611 1702 1641 ve-

316 1666 446 1711 nisset
471 1664 720 1711 annuntiari
745 1665 1009 1728 oportuisse:
1031 1663 1144 1710 sicut
1173 1663 1304 1709 modo
1325 1680 1400 1709 nos
1424 1664 1615 1727 idipsum
1630 1665 1697 1711 lo-

317 1746 513 1800 quentes,
537 1734 759 1782 diversitas
785 1751 931 1780 rerum
956 1734 1172 1797 compulit
1192 1735 1321 1780 etiam
1344 1735 1476 1780 verba
1515 1746 1695 1784 mutare.

319 1807 546 1871 Siquidem
571 1805 688 1852 aliud
709 1817 769 1852 est
796 1806 1100 1870 praenuntimi,
1131 1805 1248 1851 aliud
1273 1805 1549 1851 annuntiari:
1582 1806 1701 1853 aliud

318 1894 419 1924 cum
444 1889 653 1925 venturus
669 1888 791 1933 esset,
816 1877 933 1923 aliud
958 1894 1058 1922 cum
1075 1877 1270 1923 venisset.

379 1950 456 1996 lX
489 1949 618 1995 Nunc
652 1948 808 1995 deinde
846 1947 1067 1995 videamus
1094 1947 1222 2010 quale
1248 1947 1301 1992 sit
1334 1947 1463 2001 illud,
1496 1931 1617 2011 quod
1655 1948 1701 1994 in

312 2019 494 2082 epistola
522 2030 594 2065 tua
615 2019 823 2082 sequitur.
859 2018 1065 2078 Adjecisti
1093 2018 1207 2063 enim
1246 2034 1314 2063 eos
1338 2017 1500 2074 dicere,
1518 2039 1537 2059 «
1565 2018 1700 2075 Quod

318 2091 482 2136 Christi
513 2089 769 2153 praedicatio
812 2100 940 2152 atque
967 2089 1165 2134 doctrina
1219 2088 1477 2152 reipublicae
1510 2089 1703 2135 moribus

314 2160 433 2206 nulla
451 2177 497 2206 ex
519 2170 641 2223 parte
665 2161 895 2206 conveniat
934 2164 1060 2219 cujus
1082 2159 1166 2204 hoc
1208 2169 1374 2204 constet
1400 2176 1486 2204 esse
1506 2176 1704 2223 praecep-

319 2242 428 2285 tum,
459 2241 506 2276 ut
526 2230 637 2276 nulli
673 2229 836 2275 malum
870 2247 951 2293 pro
989 2229 1102 2275 malo
1133 2228 1311 2275 reddere
1339 2229 1574 2275 debeamus
1595 2229 1630 2283 3,
1656 2241 1696 2276 et

315 2301 576 2364 percutienti
617 2300 745 2347 aliam
771 2301 968 2364 praebere
992 2300 1227 2356 maxillam,
1257 2311 1299 2345 et
1322 2300 1504 2363 pallium
1525 2300 1628 2346 dare
1660 2302 1697 2347 ei

313 2372 389 2435 qui
412 2372 605 2418 tunicam
631 2370 797 2417 auferre
822 2371 1057 2435 perstiterit
1078 2370 1115 2427 Δ,
1144 2382 1186 2416 et
1211 2387 1312 2416 cum
1336 2388 1384 2416 eo
1404 2371 1482 2434 qui
1515 2388 1592 2418 nos
1617 2390 1700 2418 an·-

314 2442 479 2503 gariare
493 2442 696 2498 voluerit,
713 2442 774 2488 ire
796 2442 953 2488 debere
970 2442 1113 2505 spatio
1132 2441 1295 2487 itineris
1313 2441 1555 2504 duplicato.
1587 2443 1625 2499 Q
1635 2459 1700 2489 uae

314 2513 458 2558 omnia
474 2512 730 2575 reipublicae
747 2514 944 2559 moribus
963 2524 1212 2559 asseruntur
1228 2529 1313 2558 esse
1328 2513 1558 2560 contraria.
1590 2514 1700 2559 Nam

367 2596 375 2616 ¹
397 2595 477 2627 psal.
504 2606 592 2631 xmx,
612 2606 642 2635 9.
670 2612 714 2619 —-
741 2594 756 2617 2
785 2599 908 2630 ,ΙΝ-91η.
938 2607 1014 2628 xxxi
1029 2620 1037 2634 ‚
1068 2598 1180 2630 3ι,--
1195 2593 1209 2615 3
1227 2598 1320 2629 Rom.
1336 2605 1397 2636 xri,
1423 2606 1474 2634 ¹7-
1493 2611 1534 2617 --
1554 2592 1567 2615 4
1586 2592 1699 2626 Mauh.

318 2648 426 2694 v,{39.
