1902 3268
330 261 390 307 ,30
740 275 773 306 s.
818 272 1061 306 Absus‘nai
1099 276 1304 307 Et’iscort

330 360 419 406 quo
441 359 517 388 1166
539 343 691 388 Petrus
714 358 911 405 peccasse
931 378 940 397 ‚
962 359 1041 387 nec
1060 341 1223 387 Paulus
1243 341 1488 406 procaciter
1511 340 1708 391 ostendi-

335 425 406 459 tur
431 413 616 473 arguisse
632 416 868 471 majorem3
894 411 1024 457 debet
1042 430 1253 475 exponere
1269 450 1279 467 ,
1297 431 1383 477 qua
1407 415 1712 478 consequentia

333 484 495 530 Paulus
519 484 563 528 in
592 483 726 528 altero
760 482 1054 544 reprehendat
1077 483 1195 545 quod
1232 485 1321 547 ipse
1356 486 1583 532 commisit.
1609 506 1629 527 »
1653 487 1711 531 Ex

329 572 418 618 quo
455 553 646 608 ostendi,
684 569 752 598 me
776 569 865 597 non
894 569 941 597 ex
965 552 1146 597 definito
1179 553 1224 598 id
1245 553 1499 610 defendere,
1526 556 1643 619 quod
1669 556 1713 601 in

332 626 498 670 Graecis
530 625 714 684 legeram
729 660 740 679 ,
762 622 836 668 sed
860 640 908 669 ea
933 623 1181 686 expressisse
1195 640 1294 686 quae
1315 625 1526 685 legeram,
1552 636 1601 671 ut
1624 625 1712 671 lec-

338 695 440 740 toris
461 695 643 740 arbitrio
666 693 1008 757 derelinquerem
1026 730 1036 749 ,
1076 704 1223 739 utrum
1253 695 1483 757 probanda
1505 706 1642 742 essent
1660 714 1714 741 an

335 765 646 828 improbanda.
667 786 686 806 υ

396 836 447 882 V.
479 857 499 877 «
518 839 585 881 Tu
611 835 742 895 igitur
761 872 772 890 ,
801 852 854 880 ne
875 834 995 898 quod
1019 851 1096 894 ego
1116 835 1325 898 petieram
1349 836 1527 892 faceres,
1551 854 1715 888 novum

334 917 636 966 argumentum
660 905 884 968 reperisti,
913 916 962 950 ut
979 922 1197 959 assereres,
1218 906 1395 966 gentiles
1413 907 1546 970 quiin
1568 907 1717 952 Chris-

334 988 428 1023 tum
454 976 764 1032 credidissent,
791 976 913 1035 Legis
933 993 1059 1021 onere
1082 975 1274 1032 liberos3
1302 994 1373 1022 eos
1402 988 1546 1023 autem
1573 977 1649 1040 qui
1667 995 1714 1023 ex

334 1046 503 1092 Judaeis
526 1045 751 1092 crederent
769 1082 780 1102 ,
804 1046 908 1106 Legi
927 1062 1014 1091 esse
1038 1046 1256 1106 subjectos
1277 1064 1287 1091 :
1316 1055 1365 1092 ut
1383 1064 1462 1110 per
1490 1058 1718 1093 utrorum-

337 1134 421 1180 que
450 1133 681 1179 personam
702 1153 713 1171 ,
753 1126 794 1160 et
824 1116 986 1161 Paulus
1009 1125 1123 1161 recte
1152 1117 1489 1178 reprehenderet
1512 1134 1583 1163 eos
1602 1154 1613 1172 ‚
1643 1117 1720 1180 qui

337 1189 492 1246 Legem
516 1195 762 1242 servarent,
789 1186 913 1249 quasi
933 1185 1088 1230 doctor
1109 1186 1332 1244 gentium1
1355 1207 1366 1240 ;
1393 1197 1435 1232 et
1455 1188 1609 1233 Petrus
1619 1191 1721 1247 Jure

337 1256 748 1320 reprehenderetur,
776 1256 852 1319 qui
871 1255 1076 1319 princeps
1099 1255 1443 1302 circumcisionis
1466 1256 1513 1302 id
1536 1257 1722 1320 impera-

337 1329 402 1374 vit
421 1328 640 1387 gentibus,
670 1325 790 1389 quod
815 1325 892 1371 soli
912 1363 923 1382 ,
947 1327 1023 1388 qui
1047 1342 1093 1370 ex
1117 1325 1280 1371 Judaeis
1302 1337 1424 1372 erant
1444 1363 1456 1383 ,
1489 1326 1721 1372 debuerint

339 1398 583 1444 observare.
611 1398 708 1442 Hoc
734 1397 767 1441 si
801 1396 970 1459 placet,
998 1397 1086 1441 imo
1109 1397 1212 1460 quia
1240 1397 1414 1460 placet,
1443 1408 1491 1442 ut
1512 1397 1720 1461 quicum-

340 1485 425 1531 que
444 1468 630 1514 credunt
653 1484 700 1513 ex
723 1471 744 1512 J
752 1466 887 1512 udaeis
901 1503 913 1522 ‚
939 1464 1160 1511 debitores
1182 1466 1267 1512 sint
1285 1466 1389 1526 legis
1411 1466 1649 1520 faciendae3
1675 1477 1720 1513 tu

341 1549 390 1584 ut
410 1538 641 1601 episcopus
658 1575 668 1594 ‚
695 1538 738 1583 in
760 1548 851 1583 toto
879 1537 985 1583 orbe
1013 1537 1263 1582 notissimus
1281 1573 1292 1593 ,
1328 1536 1458 1583 debes
1476 1537 1592 1583 hanc
1612 1555 1720 1600 pro—

343 1609 534 1669 mulgare
554 1608 809 1655 sententiam
824 1645 834 1664 ‚
859 1618 901 1653 et
919 1607 964 1653 in
984 1624 1200 1653 assensum
1225 1618 1349 1652 11111111
1373 1625 1520 1653 omnes
1543 1608 1721 1671 coepis-

341 1695 475 1742 copos
505 1679 690 1726 trahere.
723 1679 815 1739 Ego
841 1678 886 1724 in
909 1694 1045 1741 parvo
1070 1677 1383 1737 tuguriunculo
1403 1714 1413 1733 ,
1438 1694 1538 1723 cum
1564 1695 1720 1723 mona-

343 1750 439 1797 chis
455 1787 466 1806 ‚
486 1749 531 1795 id
556 1761 636 1806 est,
665 1748 1076 1813 compeccatoribus
1104 1749 1234 1804 meis,
1269 1748 1322 1794 de
1349 1747 1516 1809 magnis
1538 1759 1722 1794 statuere

342 1839 432 1867 non
466 1820 633 1876 audeo,
679 1821 762 1866 nisi
798 1820 886 1866 hoc
920 1820 1105 1880 ingenue
1138 1819 1357 1875 confiteri,
1400 1836 1469 1864 me
1503 1822 1721 1879 majorum

345 1892 510 1954 scripta
544 1892 683 1951 legere
702 1927 714 1947 ,
742 1901 784 1936 61
811 1892 856 1936 111
876 1889 1228 1947 commentariis,
1263 1888 1501 1935 secundum
1523 1889 1720 1935 omnium

343 1962 704 2008 consuetudinem
723 1997 734 2017 ,
762 1961 901 2006 varias
919 1977 1080 2023 ponere
1104 1959 1426 2023 explanationes
1441 1997 1452 2016 ‚
1472 1970 1521 2005 ut
1537 1976 1559 2005 e
1574 1959 1722 2005 multis

344 2043 548 2097 sequatur
575 2031 872 2095 unusquisque
889 2030 1009 2094 quod
1032 2030 1150 2078 velit.
1180 2031 1312 2087 Quod
1344 2030 1521 2094 quidem
1547 2040 1588 2076 te
1610 2041 1720 2094 puto

342 2113 385 2148 et
411 2104 457 2149 in
485 2102 684 2149 saeculari
716 2102 989 2160 litteratura,
1026 2111 1068 2147 et
1097 2103 1142 2147 in
1165 2101 1323 2148 divinis
1355 2101 1481 2147 libris
1510 2101 1657 2162 legisse
1679 2112 1721 2147 et

339 2175 562 2237 probasse.

405 2245 482 2292 Vl.
513 2245 640 2291 Hanc
667 2254 809 2290 autem
836 2243 1180 2307 explanationem
1199 2280 1209 2300 ,
1230 2261 1361 2309 quam
1378 2244 1548 2307 primus
1570 2244 1720 2304 Orige-

339 2332 413 2361 nes
439 2315 484 2361 in
511 2315 680 2360 decimo
702 2315 969 2360 Stromatum
989 2314 1104 2360 libro
1120 2352 1130 2371 ,
1152 2315 1230 2360 ubi
1255 2314 1496 2378 Epistolam
1520 2314 1643 2360 Pauli
1665 2314 1720 2360 ad

340 2384 517 2431 Galatas
538 2385 869 2447 interpretatur,
886 2394 928 2430 et
951 2385 1098 2430 caeteri
1119 2384 1323 2448 deinceps
1344 2385 1599 2448 interpretes
1619 2395 1719 2430 sunt

338 2455 503 2510 secuti,
532 2454 605 2500 illa
640 2454 708 2500 vel
733 2455 913 2500 maxime
941 2471 1071 2500 causa
1106 2454 1508 2510 subintroducunt,
1532 2465 1580 2500 ut
1603 2455 1717 2499 Por-

334 2525 498 2589 phyrio
517 2524 1184 2588 respondeantblasphemanti,
1208 2526 1283 2588 qui
1307 2525 1433 2572 Pauli
1453 2525 1593 2585 arguit
1610 2542 1717 2588 pro-

387 2608 395 2630 ι
415 2607 518 2638 caiae.
540 2609 629 2647 1¹73.
