1902 3268
615 300 824 330 EP1sToLA
858 301 1014 331 xcvm.
1407 290 1487 344 2²1¹

125 365 379 423 intentione,
400 382 488 429 qua
510 364 617 411 soles
638 365 915 411 vehementer
935 382 1084 412 cavere
1098 366 1389 414 mendacium.
1416 391 1434 410 ι(
1451 371 1496 415 Si

126 436 389 481 constituam
408 472 418 491 ,
458 435 602 498 inquis
624 471 634 491 ‚
664 445 761 480 ante
787 446 824 481 te
848 436 1082 499 parvulum
1103 474 1113 489 ,
1144 446 1183 481 et
1207 436 1464 498 interrogem
1484 476 1496 494 ‚

126 514 273 550 utrum
297 522 398 551 cum
429 505 611 551 creverit
634 505 806 551 futurus
830 508 884 551 sit
918 517 1061 552 castus
1083 544 1093 562 ,
1129 506 1196 553 vel
1232 506 1304 552 sur
1328 526 1415 554 non
1447 510 1501 555 sit

123 574 297 621 futurus
323 593 334 621 ε
375 576 464 622 sine
487 574 626 621 dubio
654 575 934 638 respondebis
952 613 963 632 ‚
992 576 1160 623 Nescio.
1200 578 1255 621 Et
1283 587 1430 624 utrum
1453 579 1500 625 in

126 645 275 692 eadem
313 646 498 710 parvula
522 656 648 692 aetate
684 647 972 704 constitutus,
1015 647 1175 706 cogitet
1205 647 1371 711 aliquid
1395 649 1503 695 boni

125 715 195 762 vel
217 716 321 762 mali
343 734 354 762 :
379 716 511 773 dices,
535 716 703 764 Nescio.
740 717 785 762 Si
807 717 954 780 itaque
979 717 1032 762 de
1055 717 1252 763 moribus
1274 722 1365 777 ejus
1384 719 1503 766 futu-

125 785 184 833 ris
206 786 322 833 nihil
343 787 474 834 audes
493 788 598 833 certi
613 787 885 849 promittere,
908 797 950 832 et
970 786 1024 832 de
1044 789 1135 845 ejus
1157 788 1361 850 praesenti
1382 791 1507 850 cogi-

127 857 290 904 tatione
313 875 323 903 :
349 857 458 922 quid
481 868 543 904 est
569 856 681 902 illud
711 857 831 920 quod
854 857 1033 920 quando
1059 856 1114 902 ad
1137 857 1408 920 baptismum
1435 858 1508 904 of-

126 926 326 973 feruntur
341 964 353 984 ‚
378 944 460 990 pro
483 927 541 972 eis
564 936 760 989 parentes
790 937 995 990 tanquam
1028 926 1303 972 fidedictores
1325 945 1509 992 respon—

129 996 235 1043 dent
251 1034 263 1054 ,
291 1007 334 1043 et
356 996 513 1043 dicunt
531 996 627 1042 illos
646 995 802 1053 facere,
825 997 945 1060 quod
979 996 1054 1042 illa
1081 1008 1183 1043 aetas
1207 998 1395 1057 cogitare
1419 1017 1509 1047 non

129 1078 295 1132 potest3
331 1077 407 1112 aut
436 1066 470 1112 si
492 1077 632 1130 potest
653 1103 663 1122 ,
690 1066 915 1112 occultum
935 1077 995 1112 est
1016 1071 1032 1113 Ρ
1054 1069 1373 1128 Interroganms
1394 1070 1510 1115 enim

129 1155 201 1184 eos
226 1156 251 1184 a
281 1136 444 1201 quibus
466 1137 708 1182 offeruntur
729 1173 739 1191 ‚
766 1147 807 1181 et
835 1136 1022 1182 dicimus
1044 1174 1053 1193 2
1086 1139 1237 1184 Credit
1258 1139 1304 1184 in
1338 1140 1510 1185 Deum?

133 1210 187 1257 de
208 1210 282 1256 illa
306 1219 448 1266 aetate,
470 1226 570 1272 quae
591 1220 737 1255 utrum
757 1210 811 1255 sit
833 1211 946 1255 Deus
963 1247 974 1267 ‚
998 1210 1196 1270 ignorat:
1225 1212 1509 1275 respondent,

139 1280 290 1327 Credit
314 1298 325 1326 :
353 1291 396 1326 et
419 1279 472 1325 ad
491 1290 647 1326 caetera
667 1281 726 1326 sic
742 1281 1031 1344 respondetur
1055 1282 1239 1341 singula,
1266 1299 1367 1345 quae
1386 1300 1514 1345 quae-

131 1362 303 1398 runtur.
331 1350 456 1396 Unde
478 1351 613 1395 miror
639 1361 837 1412 parentes
857 1351 902 1395 in
925 1351 1015 1397 istis
1033 1352 1164 1397 rebus
1181 1389 1191 1406 ‚
1219 1362 1306 1397 tam
1326 1352 1509 1399 fidenter

131 1439 214 1486 pro
237 1420 420 1485 parvulo
445 1419 705 1483 respondere
724 1459 734 1477 ,
770 1431 815 1466 ut
842 1419 990 1466 dicant
1015 1438 1111 1466 eum
1143 1433 1260 1467 tanta
1294 1422 1411 1468 bona
1442 1423 1513 1469 fa·-

132 1508 228 1538 cere
247 1528 259 1549 ,
284 1507 386 1555 quae
410 1489 465 1537 ad
498 1491 655 1536 horam
681 1508 769 1554 qua
804 1491 1054 1554 baptizatur
1070 1528 1080 1547 ,
1109 1492 1354 1555 baptizator
1379 1494 1517 1540 inter-2

79 1593 84 1598 -
131 1571 281 1622 rogat,
336 1571 480 1606 tamen
514 1561 662 1606 eadem
706 1561 816 1606 hora
855 1562 887 1606 si
935 1561 1165 1621 subjiciam
1194 1599 1204 1618 ,
1248 1563 1328 1608 erit
1377 1575 1522 1610 castus

134 1632 213 1696 qui
240 1631 527 1695 baptizatur,
556 1641 630 1676 aut
654 1648 741 1676 non
777 1631 856 1676 erit
889 1632 994 1677 fur:
1031 1632 1176 1678 nescio
1206 1644 1352 1678 utrum
1392 1635 1520 1681 audet

133 1702 285 1748 dicere
311 1701 492 1764 aliquis,
517 1701 697 1764 Aliquid
716 1701 877 1747 horum
899 1703 980 1748 erit
1000 1739 1011 1759 ,
1040 1713 1114 1748 aut
1142 1720 1230 1748 non
1257 1704 1338 1749 erit
1362 1722 1371 1749 :
1405 1706 1520 1752 sicut

134 1772 247 1819 mihi
263 1771 353 1818 sine
370 1771 645 1817 dubitatione
666 1772 925 1835 respondet,
952 1772 1071 1835 quod
1100 1772 1250 1818 credat
1272 1774 1317 1819 in
1343 1774 1484 1821 Deum
1503 1813 1513 1830 ‚

133 1853 177 1889 et
200 1841 319 1906 quod
336 1858 378 1887 se
402 1851 628 1888 convertat
646 1841 699 1886 ad
726 1845 913 1888 Deum.»
938 1841 1104 1888 Deinde
1123 1843 1284 1905 scripta
1310 1854 1381 1889 tua
1402 1862 1513 1890 con-

135 1912 315 1959 cludens
333 1948 344 1968 ‚
372 1909 573 1970 adiungis
599 1921 640 1956 et
670 1910 778 1956 dicis
804 1928 814 1955 ε
860 1932 878 1951 «
902 1911 970 1957 Ad
997 1911 1097 1956 istas
1130 1929 1228 1971 ergo
1254 1914 1516 1976 quaestiones

134 1993 237 2047 peto
262 1981 451 2028 breviter
485 1981 743 2044 respondere
769 1981 957 2040 digneris
979 2018 990 2038 ,
1032 1981 1091 2026 ita
1128 1992 1176 2026 ut
1206 1999 1293 2027 non
1327 1985 1437 2031 mihi
1461 1986 1515 2032 de

135 2052 448 2099 consuetudine
471 2052 748 2114 praescribas,
771 2051 844 2097 sed
867 2055 1077 2096 rationem
1101 2050 1273 2097 reddas.
1296 2074 1316 2094 ))

201 2123 327 2169 VIlI.
368 2122 447 2167 His
481 2122 634 2167 litteris
670 2122 752 2167 tuis
789 2121 912 2168 lectis
944 2132 986 2167 et
1010 2121 1195 2177 relectis,
1233 2133 1274 2167 et
1295 2136 1513 2186 quantum

137 2194 345 2257 temporis
368 2193 578 2252 angustiae
596 2192 795 2237 sinebant
813 2192 1091 2239 consideratis
1104 2228 1114 2247 ‚
1147 2193 1398 2239 recordatus
1418 2213 1514 2241 sum

138 2263 400 2311 Nebridium
425 2261 611 2308 amicum
636 2279 796 2318 meum,
825 2263 901 2326 qui
926 2279 1025 2308 cum
1050 2272 1155 2307 esset
1179 2279 1321 2307 rerum
1350 2264 1515 2311 obscu-

137 2350 286 2380 rarum
314 2332 369 2378 ad
401 2332 645 2378 doctrinam
673 2333 843 2395 pietatis
866 2333 1047 2378 maxime
1069 2332 1378 2395 pertinentium
1406 2334 1513 2381 dili-

139 2403 408 2465 gentissimus
441 2413 483 2449 et
525 2403 758 2448 acerrimus
799 2403 1031 2466 inquisitor
1052 2439 1063 2458 ,
1109 2402 1235 2448 valde
1269 2403 1417 2450 oderat
1459 2406 1513 2453 de

140 2475 377 2540 quaestione
400 2491 554 2534 magna
579 2474 898 2537 responsionem
920 2474 1111 2518 brevem.
1136 2474 1187 2518 Et
1211 2474 1408 2539 quisquis
1425 2476 1513 2524 hoc

140 2545 433 2611 poposcisset,
462 2544 682 2605 aegerrime
708 2543 874 2591 ferebat
890 2581 900 2600 ‚
924 2544 1187 2607 eumque‚si
1212 2548 1302 2604 ejus
1332 2563 1516 2613 persona

141 2625 388 2681 pateretur,
417 2612 542 2662 vultu
565 2614 922 2675 indignabundus
946 2625 987 2660 et
1011 2630 1117 2661 voce
1136 2614 1376 2662 cohibebat
1399 2654 1408 2672 ,
1443 2619 1515 2664 in-

277 2703 420 2733 6111111.
1338 2690 1387 2733 16
