1902 3268
634 281 846 315 §morou
880 283 1099 315 cxxxvtu.
1464 267 1556 333 527

183 347 448 413 operandam
479 348 525 399 in
555 364 604 397 eo
631 347 943 395 correctionem
968 354 1095 412 atque
1125 349 1421 397 concordiam.
1460 350 1558 396 Hoc,

184 429 300 473 certe
319 420 462 467 animo
480 418 727 465 faciendum
748 428 827 473 est,
851 418 1015 466 etiamsi
1037 418 1142 465 alius
1163 420 1295 466 exitus
1315 437 1557 484 consequa-

186 499 276 546 tur,
298 506 378 542 nec
401 488 560 549 corrigi
584 488 686 535 velit
710 499 838 553 atque
861 489 1034 552 pacari,
1062 500 1244 553 propter
1262 508 1391 554 quem
1416 490 1558 536 corri-

184 559 374 622 gendum
393 571 522 624 atque
538 559 807 623 pacandum,
829 559 947 606 velut
967 560 1210 607 curandum
1233 572 1274 607 et
1287 561 1527 608 sanandum
1546 598 1557 618 ‚

187 629 389 683 adhibita
407 640 471 676 est
498 630 577 679 ista
598 629 827 677 medicina.

250 703 354 757 XII.
387 700 593 765 Alioquin
627 702 663 747 si
685 701 818 749 verba
846 702 1151 753 attenderimus
1168 739 1179 759 ,
1201 719 1439 766 eorumque
1462 719 1561 766 pro-

186 771 363 837 prietati
407 770 682 825 serviendum
721 772 1020 834 putaverimus
1037 809 1047 828 ‚
1092 790 1178 818 non
1226 783 1288 817 est
1322 772 1562 835 praebenda

187 843 357 897 maxilla
381 843 551 894 dextera
571 880 581 899 ‚
613 843 647 888 si
683 843 853 890 sinistra
887 844 1016 899 fuerit
1047 860 1264 907 percussa.
1301 843 1558 900 «Quoniam

188 936 210 958 2>
236 914 269 966 si
305 914 403 978 quis
432 912 526 969 te1‚
570 913 742 977 inquit,
783 914 1044 976 percusserit
1083 914 1126 960 in
1157 914 1370 960 maxillam
1415 913 1562 960 dexte-

189 1006 210 1029 »
233 1001 356 1041 ram,
391 983 542 1047 praebe
569 982 633 1030 illi
662 993 704 1030 et
734 983 996 1033 si11istra1112.
1025 1006 1044 1030 υ
1070 984 1206 1044 Magis
1226 994 1369 1033 autem
1394 983 1564 1038 sinistra

187 1054 452 1120 percutitur,
475 1053 594 1118 quod
622 1054 676 1100 ad
707 1053 923 1101 dexteram
952 1054 1140 1102 ferientis
1159 1055 1329 1101 facilior
1351 1055 1462 1100 ictus
1482 1065 1557 1100 est.

190 1125 277 1175 Sed
298 1124 361 1177 §ic
384 1124 567 1184 intelligi
593 1124 724 1182 solet,
756 1141 805 1171 ac
829 1126 863 1170 si
887 1124 1056 1172 dietum
1080 1136 1186 1171 esset
1217 1143 1228 1170 ε
1263 1125 1308 1170 Si
1332 1125 1430 1188 quis
1457 1123 1501 1170 in
1528 1135 1565 1169 tc

190 1196 369 1249 meliora
389 1195 519 1246 fuer-it
543 1205 794 1258 persecutus
808 1232 818 1250 ,
841 1206 883 1241 et
904 1195 1106 1242 inferiora
1127 1196 1164 1242 ei
1185 1196 1337 1259 praebe
1352 1232 1362 1251 ,
1389 1212 1440 1240 ne
1465 1195 1564 1239 vin-

190 1267 321 1314 dictae
350 1266 496 1330 potius
519 1282 651 1329 quam
677 1265 900 1329 patientiae
928 1266 1105 1314 studens
1130 1277 1380 1313 contemnas
1404 1276 1563 1311 aeterna

192 1354 276 1402 pro
314 1335 655 1400 tentporalibu8‚
696 1353 796 1382 cum
820 1337 965 1399 potius
998 1337 1252 1400 temporalia
1284 1354 1364 1400 pro
1398 1335 1568 1382 aeternis

192 1406 511 1457 contemnenda
542 1406 653 1462 sint,
692 1416 899 1470 tanquam
934 1407 1103 1453 sinistra
1132 1424 1214 1470 pro
1245 1407 1415 1453 dextris.
1460 1407 1568 1452 Haec

192 1493 362 1546 semper
376 1476 460 1528 fuit
478 1486 728 1524 sanctorum
748 1478 989 1537 Martyrum
1010 1477 1192 1523 intentio
1214 1494 1223 1522 :
1245 1477 1439 1523 vindicta
1455 1476 1570 1522 enim

194 1548 347 1603 ultima
368 1551 483 1608 juste
510 1547 722 1611 poscitur,
746 1547 926 1611 quando
950 1547 1096 1594 nullus
1119 1551 1211 1608 jam
1238 1558 1368 1593 restat
1395 1563 1568 1593 correc-

196 1618 323 1675 tionis
349 1617 471 1670 locus
490 1655 501 1675 ‚
529 1628 717 1665 extremo
741 1618 905 1677 scilieet
939 1635 1197 1682 summoque
1222 1618 1407 1678 judicio.
1440 1619 1568 1664 Nunc

194 1706 296 1743 vero
315 1688 560 1742 cavendum
583 1697 669 1743 est,
698 1705 751 1734 ne
776 1687 1030 1737 vindicandi
1062 1687 1304 1752 cupiditate
1344 1688 1569 1735 amittatur

195 1761 272 1822 (ut
307 1758 420 1813 nihil
442 1758 561 1814 aliud
598 1758 774 1821 (licam)
800 1759 892 1822 ipsa
932 1758 1141 1823 patientia
1160 1795 1171 1814 ‚
1199 1776 1300 1822 quae
1339 1758 1476 1822 pluris
1509 1767 1570 1804 est

196 1829 406 1886 habenda
436 1846 569 1893 quom
589 1846 717 1884 omne
740 1828 856 1892 quod
879 1839 1022 1892 potest
1053 1828 1182 1875 etiam
1204 1829 1341 1876 invito
1370 1828 1572 1877 inimicus

197 1901 377 1955 auferre„
424 1901 620 1963 Namque
659 1899 766 1952 alius
804 1899 1076 1960 Evangelista
1107 1900 1151 1945 in
1188 1899 1337 1946 eadem
1363 1898 1571 1947 sententia

197 1972 362 2031 nullam
386 1970 487 2025 fecit
515 1970 698 2025 dexterae
723 1970 1031 2026 mentionem&
1059 1970 1132 2019 sed
1159 1981 1327 2020 tantum
1354 1969 1571 2019 maxillam

198 2055 241 2092 et
268 2043 447 2099 alteram
472 2041 740 2097 nominavit,
766 2051 812 2093 ut
835 2041 1057 2105 aliquanto
1083 2040 1327 2091 distinctius
1356 2040 1570 2101 intellige-—

199 2125 319 2173 retur
338 2114 383 2170 in
404 2112 487 2167 alio
503 2149 514 2170 ,
540 2112 634 2175 ipse
661 2122 803 2159 autem
828 2111 1084 2175 simplicitet·
1100 2111 1293 2158 eamdem
1319 2111 1571 2175 patientiam

202 2183 539 2242 commendaret.
570 2184 753 2229 Paratus
775 2183 921 2247 itaque
953 2182 1084 2228 debet
1107 2200 1193 2228 esse
1216 2183 1350 2229 homo
1365 2185 1507 2242 justus
1530 2192 1573 2227 et

199 2257 326 2322 pius,
350 2254 565 2318 patienter
590 2270 740 2308 eorum
760 2253 967 2309 malitiam
993 2254 1227 2311 sustinere,
1250 2269 1359 2317 quos
1377 2252 1467 2299 fieri
1486 2253 1572 2297 bo-

203 2344 282 2384 nos
304 2324 489 2389 quaerit,
514 2335 562 2371 ut
580 2340 784 2370 numerus
811 2324 956 2387 potius
977 2324 1370 2370 crescatbonorum
1388 2361 1398 2380 ‚
1423 2340 1509 2375 non
1526 2333 1575 2368 ut

203 2396 301 2463 pari
321 2395 472 2455 militia
496 2412 538 2441 se
560 2411 737 2459 quoquo
763 2411 942 2446 numero
963 2394 1096 2440 addat
1116 2394 1344 2442 malorum.

270 2469 397 2528 XIlI.
424 2466 620 2531 Denique
643 2466 721 2521 ista
746 2477 969 2544 praecepta
990 2466 1124 2526 magis
1143 2466 1195 2513 ad
1213 2465 1576 2530 praeparationem

207 2538 376 2595 cordis,
402 2554 503 2602 quae
525 2537 642 2584 intus
665 2547 723 2583 est
740 2547 1010 2601 ‚pertmer,e
1037 2553 1169 2601 quam
1188 2537 1242 2585 ad
1260 2554 1370 2602 opus
1391 2535 1540 2602 quod
1532 2552 1575 2581 m

257 2630 487 2663 1x1de11b1
505 2633 550 2662 De
570 2640 712 2662 sermone
730 2629 856 2662 Domini
879 2629 912 2662 in
934 2635 1058 2666 monte,
1076 2640 1145 2673 cap.
1169 2642 1222 2663 ευ
1241 2646 1282 2653 —-
1304 2628 1318 2651 2
1337 2627 1451 2660 walth
1475 2638 1501 2664 x,
1523 2627 1577 2666 3‚9

209 2706 254 2715 -
275 2685 289 2711 3
306 2690 380 2720 Luc.
398 2697 441 2725 vt,
458 2695 514 2728 ²⁹·
