1902 3268
608 291 815 321 EPISTOLA
857 291 1021 320 Lxxxtt.
1428 289 1509 337 107

142 361 275 408 tolum
302 359 486 405 Paulum
506 395 516 413 ‚
542 367 584 403 et
608 356 710 402 alios
736 366 848 401 recte
872 353 1280 409 lideisshristianos,
1312 364 1413 398 tunc
1440 353 1512 398 illa

140 429 279 479 vetera
305 438 570 476 sacramenta
597 427 824 491 paululum
859 424 1134 471 observando
1160 423 1366 470 veraciter
1390 439 1516 468 com-

139 500 343 548 mendare
370 498 568 548 debuisse
586 536 596 554 ‚
619 515 673 543 ne
697 507 958 562 putarentur
981 495 1067 541 illae
1088 494 1362 558 propheticae
1382 493 1518 554 signi-

139 571 353 618 ficationis
387 568 709 615 observationes
733 586 756 613 a
781 567 984 631 piissimis
1015 566 1218 629 patribus
1251 563 1482 611 custoditae
1501 599 1512 618 ‚

141 652 348 706 tanquam
380 639 583 699 sacrilega
604 638 827 684 diabolica
851 655 873 682 a
899 636 1081 700 posteris
1106 635 1402 680 detestandae?
1423 638 1516 679 Jam

141 711 255 758 enim
278 726 379 756 cum
417 709 598 756 venisset
631 707 737 754 fides
768 723 868 771 quae
886 706 1008 770 prius
1039 705 1122 751 illis
1144 704 1520 750 observationibus

141 781 454 846 praenuntiata,
469 791 566 845 post
583 789 762 826 mortem
776 789 818 823 et
832 778 1184 823 resurrectionem
1203 776 1379 821 Domini
1395 789 1520 820 reve-

145 851 232 898 lata
265 862 351 908 est,
382 851 611 897 amiserant
645 860 854 912 tanquam
882 849 1015 893 vitam
1051 846 1181 892 officii
1217 846 1296 892 sui.
1330 846 1520 890 Verum-

144 933 289 968 tamen
337 921 449 967 sicut
489 919 696 966 defuncta
738 934 921 981 corpora
938 954 948 972 ‚
993 916 1328 963 necessariorum
1370 913 1526 961 officiis

145 991 401 1037 deducenda
419 1001 539 1037 erant
557 989 748 1053 quodam
762 988 893 1034 modo
912 987 966 1033 ad
985 987 1272 1051 sepulturam,
1300 1003 1378 1031 nec
1395 985 1525 1030 simu-

143 1062 248 1118 late,
275 1061 347 1108 sed
383 1061 605 1121 religiose3
632 1076 719 1106 non
757 1070 901 1105 autem
938 1058 1170 1104 deserenda
1197 1057 1429 1112 continuo,
1457 1055 1524 1102 vel

144 1132 424 1178 inimicorum
455 1130 850 1177 obtrectationibus
882 1140 1088 1192 tanquam
1120 1145 1277 1174 canum
1313 1127 1527 1172 morsibus

147 1202 429 1266 projicienda.
483 1200 676 1247 Proinde
728 1216 848 1246 nunc
899 1200 1095 1262 quisquis
1137 1199 1486 1244 Christianorum
1515 1229 1526 1251 ‚

147 1273 345 1336 quamvis
382 1273 435 1317 sit
466 1289 513 1317 ex
545 1271 734 1327 Judaeis‚
766 1270 960 1317 similiter
993 1288 1039 1315 ea
1066 1270 1283 1315 celebrare
1313 1267 1526 1322 voluerit,

148 1353 358 1405 tanquam
384 1342 552 1404 sopitos
575 1343 736 1387 cineres
763 1356 936 1397 cruens,
974 1357 1061 1386 non
1082 1340 1163 1385 erit
1181 1340 1280 1403 pius
1297 1338 1528 1391 deductor,

148 1411 215 1458 vel
233 1411 412 1471 baJ'ulus
436 1411 658 1475 corporis,
687 1410 759 1456 sed
783 1411 947 1473 impius
966 1410 1203 1473 sepulturae
1229 1409 1424 1454 violator.

211 1483 355 1530 XVII.
399 1486 553 1529 Fateor
586 1499 713 1539 sane,
747 1483 791 1528 in
828 1498 904 1535 eo,
944 1481 1064 1545 quod
1104 1480 1299 1544 Epistola
1338 1478 1533 1525 continet

149 1570 243 1601 mea
258 1589 270 1610 ‚
294 1553 415 1616 quod
432 1553 531 1599 ideo
549 1563 817 1599 sacramenta
831 1557 851 1598 J
860 1552 1083 1598 udaeorum
1098 1552 1259 1597 Paulus
1273 1548 1534 1596 celebranda

150 1634 399 1687 susceperat
415 1660 427 1680 ,
455 1640 554 1670 cum
570 1627 663 1683 jam
688 1623 855 1668 Christi
879 1633 985 1668 esset
1010 1622 1268 1685 Apostolu3‚
1295 1631 1342 1666 ut
1360 1620 1535 1666 doceret

150 1710 238 1738 non
256 1710 341 1739 esse
354 1693 598 1756 perniciosa
624 1693 694 1739 his
710 1729 720 1748 ,
739 1693 813 1755 qui
839 1711 887 1738 ea
913 1693 1092 1746 vellent,
1114 1692 1226 1737 sicut
1245 1709 1265 1736 a
1281 1690 1535 1754 parentibus

151 1779 230 1825 per
265 1765 423 1822 Legem
457 1772 745 1825 acceperant,
775 1762 1021 1817 custodire,
1051 1763 1195 1807 minus
1216 1778 1283 1806 me
1314 1759 1530 1824 posuisse,

151 1854 172 1876 «
199 1833 280 1879 Illo
294 1833 504 1879 duntaxat
520 1844 739 1896 tempore,
757 1851 847 1897 quo
866 1834 1059 1897 primurn
1075 1833 1176 1878 fidei
1192 1833 1328 1892 gratia
1346 1830 1534 1877 revelata

154 1924 176 1945 »
193 1913 256 1948 est
275 1920 286 1948 x
309 1924 329 1945 n
352 1914 463 1949 tunc
488 1904 604 1948 enim
630 1903 715 1948 hoe
735 1915 825 1949 erat
845 1903 1155 1967 perniciosum.
1187 1909 1415 1962 Progressu
1434 1916 1536 1946 vero

155 1973 363 2036 temporis
392 1972 478 2019 illae
505 1974 826 2019 observationes
852 1974 908 2019 ab
935 1973 1141 2019 omnibus
1166 1972 1429 2017 Christianis
1455 1971 1536 2016 de-

159 2053 422 2099 sererentur3
457 2059 534 2099 ne,
572 2042 606 2087 si
632 2053 738 2088 tunc
771 2043 917 2099 fieret,
957 2059 1044 2089 non
1080 2042 1395 2088 discerneretur
1417 2040 1537 2104 quod

160 2114 277 2158 Deus
298 2113 467 2176 populo
499 2129 576 2158 suo
602 2129 680 2175 per
715 2114 894 2176 Moysen
918 2113 1154 2176 praecepit,
1181 2113 1237 2157 ab
1269 2129 1317 2157 eo
1343 2111 1461 2174 quod
1495 2111 1540 2156 in

160 2183 334 2247 templis
367 2184 688 2229 daemoniorum
716 2185 894 2248 spiritus
914 2184 1167 2230 immundus
1202 2183 1403 2228 instituit.
1430 2184 1543 2227 Pro-

161 2252 262 2299 inde
291 2255 438 2316 potius
464 2253 686 2317 culpanda
706 2265 769 2299 est
791 2254 1049 2314 negligentia
1076 2271 1166 2299 mea
1186 2290 1196 2308 ,
1221 2252 1324 2315 quia
1351 2252 1437 2296 hoc
1453 2268 1540 2296 uon

163 2323 341 2381 addidi,
365 2341 497 2387 quam
533 2325 782 2384 objurgatio
808 2336 893 2372 tua.
926 2325 1234 2370 Verumtamen
1258 2323 1383 2382 longe
1417 2332 1543 2367 ante-

162 2411 294 2458 quam
315 2394 500 2440 Litteras
523 2405 617 2440 tuas
636 2396 895 2459 accepissem
910 2433 920 2451 ‚
945 2396 1138 2440 scribens
1163 2404 1314 2439 contra
1337 2397 1542 2438 Faustum

161 2464 459 2510 Manichaeum
476 2465 700 2527 quomodo
718 2465 918 2511 eumdem
939 2465 1082 2511 locum
1101 2501 1111 2520 ‚
1134 2462 1334 2527 quamvis
1356 2462 1544 2508 breviter

161 2534 490 2597 explicaverim,
528 2545 570 2580 et
589 2535 675 2582 hoc
698 2535 788 2582 illic
824 2552 912 2581 non
936 2535 1317 2599 praetermiserim,
1344 2543 1384 2578 et
1410 2532 1546 2591 legere

161 2604 347 2667 poterit,
385 2604 419 2650 si
441 2621 530 2650 non
553 2604 827 2666 dedignetur,
858 2605 1102 2665 benignitas
1126 2615 1224 2662 tua3
1251 2614 1292 2648 et
1318 2620 1339 2648 a
1376 2602 1541 2647 charis-
