<?xml version="1.0" encoding="UTF-8"?>
<!DOCTYPE html PUBLIC "-//W3C//DTD XHTML 1.0 Transitional//EN"
    "http://www.w3.org/TR/xhtml1/DTD/xhtml1-transitional.dtd">
<html xmlns="http://www.w3.org/1999/xhtml" xml:lang="en" lang="en">
 <head>
  <title>
</title>
<meta http-equiv="Content-Type" content="text/html;charset=utf-8" />
  <meta name='ocr-system' content='tesseract 3.04.00' />
  <meta name='ocr-capabilities' content='ocr_page ocr_carea ocr_par ocr_line ocrx_word'/>
</head>
<body>
  <div class='ocr_page' id='page_1' title='image "./operaomniaaccura39auguuoft/operaomniaaccura39auguuoft_0241.png"; bbox 0 0 1902 3268; ppageno 0'>
   <div class='ocr_carea' id='block_1_1' title="bbox 631 307 1506 354">
    <p class='ocr_par' dir='ltr' id='par_1_1' title="bbox 631 307 1506 354">
     <span class='ocr_line' id='line_1_1' title="bbox 631 307 1506 354; baseline 0.011 -10"><span class='ocrx_word' id='word_1_1' title='bbox 631 313 843 345; x_wconf 74' lang='lat' dir='ltr'>EPISTOLA</span> <span class='ocrx_word' id='word_1_2' title='bbox 880 314 997 346; x_wconf 76' lang='lat' dir='ltr'><strong>cxvr.</strong></span> <span class='ocrx_word' id='word_1_3' title='bbox 1423 307 1506 354; x_wconf 76' lang='lat'><strong>231</strong></span> 
     </span>
    </p>
   </div>
   <div class='ocr_carea' id='block_1_2' title="bbox 136 377 1535 2618">
    <p class='ocr_par' dir='ltr' id='par_1_2' title="bbox 138 377 1515 510">
     <span class='ocr_line' id='line_1_2' title="bbox 138 377 1515 444; baseline 0 -12"><span class='ocrx_word' id='word_1_4' title='bbox 138 386 185 432; x_wconf 90' lang='lat' dir='ltr'><strong>in</strong></span> <span class='ocrx_word' id='word_1_5' title='bbox 204 385 376 444; x_wconf 84' lang='lat' dir='ltr'>regione</span> <span class='ocrx_word' id='word_1_6' title='bbox 404 379 642 427; x_wconf 80' lang='lat' dir='ltr'><strong>viventium</strong></span> <span class='ocrx_word' id='word_1_7' title='bbox 664 414 674 434; x_wconf 90' lang='lat'><em>‚</em></span> <span class='ocrx_word' id='word_1_8' title='bbox 695 388 737 423; x_wconf 88' lang='lat' dir='ltr'><strong>et</strong></span> <span class='ocrx_word' id='word_1_9' title='bbox 758 377 804 423; x_wconf 88' lang='lat' dir='ltr'><strong>in</strong></span> <span class='ocrx_word' id='word_1_10' title='bbox 825 394 922 424; x_wconf 80' lang='lat' dir='ltr'><strong>vera</strong></span> <span class='ocrx_word' id='word_1_11' title='bbox 949 395 1057 442; x_wconf 85' lang='lat' dir='ltr'><strong>pace</strong></span> <span class='ocrx_word' id='word_1_12' title='bbox 1081 397 1334 429; x_wconf 87' lang='lat' dir='ltr'><strong>securorum</strong></span> <span class='ocrx_word' id='word_1_13' title='bbox 1357 400 1406 430; x_wconf 81' lang='lat' dir='ltr'><strong>ac</strong></span> <span class='ocrx_word' id='word_1_14' title='bbox 1425 386 1515 433; x_wconf 87' lang='lat' dir='ltr'><strong>sine</strong></span> 
     </span>
     <span class='ocr_line' id='line_1_3' title="bbox 140 449 813 510; baseline -0.01 -8"><span class='ocrx_word' id='word_1_15' title='bbox 140 456 226 502; x_wconf 86' lang='lat' dir='ltr'><strong>fine</strong></span> <span class='ocrx_word' id='word_1_16' title='bbox 245 452 508 501; x_wconf 85' lang='lat' dir='ltr'><strong>manentium</strong></span> <span class='ocrx_word' id='word_1_17' title='bbox 534 449 813 510; x_wconf 77' lang='lat' dir='ltr'>gaudiorum.</span> 
     </span>
    </p>

    <p class='ocr_par' dir='ltr' id='par_1_3' title="bbox 136 520 1535 2395">
     <span class='ocr_line' id='line_1_4' title="bbox 204 520 1518 588; baseline 0 -16"><span class='ocrx_word' id='word_1_18' title='bbox 204 526 264 577; x_wconf 83' lang='lat' dir='ltr'><strong>II.</strong></span> <span class='ocrx_word' id='word_1_19' title='bbox 291 523 442 570; x_wconf 79' lang='lat' dir='ltr'>Sancti</span> <span class='ocrx_word' id='word_1_20' title='bbox 475 520 616 569; x_wconf 83' lang='lat' dir='ltr'><strong>fratris</strong></span> <span class='ocrx_word' id='word_1_21' title='bbox 634 531 676 565; x_wconf 89' lang='lat' dir='ltr'><strong>et</strong></span> <span class='ocrx_word' id='word_1_22' title='bbox 706 520 958 583; x_wconf 58' lang='lat' dir='ltr'><strong>coepiscopi</strong></span> <span class='ocrx_word' id='word_1_23' title='bbox 981 522 1065 569; x_wconf 87' lang='lat' dir='ltr'><strong>mei</strong></span> <span class='ocrx_word' id='word_1_24' title='bbox 1091 523 1304 570; x_wconf 83' lang='lat' dir='ltr'><strong>Bonifacii</strong></span> <span class='ocrx_word' id='word_1_25' title='bbox 1340 525 1518 588; x_wconf 88' lang='lat' dir='ltr'><strong>petitio-</strong></span> 
     </span>
     <span class='ocr_line' id='line_1_5' title="bbox 137 591 1517 647; baseline 0.001 -7"><span class='ocrx_word' id='word_1_26' title='bbox 137 612 235 647; x_wconf 85' lang='lat' dir='ltr'><strong>nem</strong></span> <span class='ocrx_word' id='word_1_27' title='bbox 262 606 350 643; x_wconf 81' lang='lat' dir='ltr'><strong>tuae</strong></span> <span class='ocrx_word' id='word_1_28' title='bbox 373 608 520 639; x_wconf 85' lang='lat' dir='ltr'><strong>rursus</strong></span> <span class='ocrx_word' id='word_1_29' title='bbox 543 591 747 636; x_wconf 80' lang='lat' dir='ltr'><strong>charitati</strong></span> <span class='ocrx_word' id='word_1_30' title='bbox 778 591 1062 645; x_wconf 79' lang='lat' dir='ltr'><strong>commendo,</strong></span> <span class='ocrx_word' id='word_1_31' title='bbox 1091 611 1143 638; x_wconf 86' lang='lat' dir='ltr'><strong>ne</strong></span> <span class='ocrx_word' id='word_1_32' title='bbox 1162 593 1271 640; x_wconf 88' lang='lat' dir='ltr'><strong>forte</strong></span> <span class='ocrx_word' id='word_1_33' title='bbox 1292 613 1407 641; x_wconf 88' lang='lat' dir='ltr'><strong>nunc</strong></span> <span class='ocrx_word' id='word_1_34' title='bbox 1424 596 1517 643; x_wconf 84' lang='lat' dir='ltr'><strong>fieri</strong></span> 
     </span>
     <span class='ocr_line' id='line_1_6' title="bbox 138 662 1516 728; baseline 0.001 -18"><span class='ocrx_word' id='word_1_35' title='bbox 138 663 273 728; x_wconf 74' lang='lat' dir='ltr'><strong>possit</strong></span> <span class='ocrx_word' id='word_1_36' title='bbox 289 662 409 728; x_wconf 87' lang='lat' dir='ltr'><strong>quod</strong></span> <span class='ocrx_word' id='word_1_37' title='bbox 440 672 543 706; x_wconf 86' lang='lat' dir='ltr'><strong>ante</strong></span> <span class='ocrx_word' id='word_1_38' title='bbox 568 678 654 706; x_wconf 83' lang='lat' dir='ltr'><strong>non</strong></span> <span class='ocrx_word' id='word_1_39' title='bbox 676 662 835 723; x_wconf 84' lang='lat' dir='ltr'><strong>potuit.</strong></span> <span class='ocrx_word' id='word_1_40' title='bbox 875 664 988 707; x_wconf 84' lang='lat' dir='ltr'><strong>Cum</strong></span> <span class='ocrx_word' id='word_1_41' title='bbox 1016 663 1129 707; x_wconf 87' lang='lat' dir='ltr'><strong>enim</strong></span> <span class='ocrx_word' id='word_1_42' title='bbox 1151 674 1294 725; x_wconf 86' lang='lat' dir='ltr'><strong>posset</strong></span> <span class='ocrx_word' id='word_1_43' title='bbox 1318 665 1408 710; x_wconf 88' lang='lat' dir='ltr'><strong>sine</strong></span> <span class='ocrx_word' id='word_1_44' title='bbox 1428 664 1516 712; x_wconf 86' lang='lat' dir='ltr'><strong>ulla</strong></span> 
     </span>
     <span class='ocr_line' id='line_1_7' title="bbox 137 731 1517 796; baseline -0.002 -15"><span class='ocrx_word' id='word_1_45' title='bbox 137 734 312 781; x_wconf 80' lang='lat' dir='ltr'>forsitan</span> <span class='ocrx_word' id='word_1_46' title='bbox 344 732 581 796; x_wconf 67' lang='lat' dir='ltr'><strong>quaestione</strong></span> <span class='ocrx_word' id='word_1_47' title='bbox 616 731 735 793; x_wconf 88' lang='lat' dir='ltr'><strong>quod</strong></span> <span class='ocrx_word' id='word_1_48' title='bbox 775 748 1011 792; x_wconf 81' lang='lat' dir='ltr'><strong>praecessor</strong></span> <span class='ocrx_word' id='word_1_49' title='bbox 1043 736 1162 791; x_wconf 84' lang='lat' dir='ltr'><strong>ejus,</strong></span> <span class='ocrx_word' id='word_1_50' title='bbox 1203 735 1400 795; x_wconf 80' lang='lat' dir='ltr'><strong>quamvis</strong></span> <span class='ocrx_word' id='word_1_51' title='bbox 1435 736 1517 782; x_wconf 84' lang='lat' dir='ltr'><strong>sub</strong></span> 
     </span>
     <span class='ocr_line' id='line_1_8' title="bbox 139 802 1519 863; baseline 0.001 -14"><span class='ocrx_word' id='word_1_52' title='bbox 139 803 279 853; x_wconf 81' lang='lat' dir='ltr'><strong>alieno</strong></span> <span class='ocrx_word' id='word_1_53' title='bbox 313 803 487 848; x_wconf 88' lang='lat' dir='ltr'><strong>nomine</strong></span> <span class='ocrx_word' id='word_1_54' title='bbox 507 838 517 857; x_wconf 90' lang='lat'>‚</span> <span class='ocrx_word' id='word_1_55' title='bbox 555 810 909 863; x_wconf 82' lang='lat' dir='ltr'><strong>comparaverat.</strong></span> <span class='ocrx_word' id='word_1_56' title='bbox 945 811 986 847; x_wconf 88' lang='lat' dir='ltr'><strong>et</strong></span> <span class='ocrx_word' id='word_1_57' title='bbox 1016 802 1099 847; x_wconf 85' lang='lat' dir='ltr'><strong>suh</strong></span> <span class='ocrx_word' id='word_1_58' title='bbox 1125 802 1318 851; x_wconf 75' lang='lat' dir='ltr'><strong>ecclcsiae</strong></span> <span class='ocrx_word' id='word_1_59' title='bbox 1345 804 1519 850; x_wconf 86' lang='lat' dir='ltr'><strong>nomine</strong></span> 
     </span>
     <span class='ocr_line' id='line_1_9' title="bbox 136 872 1513 937; baseline -0.001 -17"><span class='ocrx_word' id='word_1_60' title='bbox 136 873 354 937; x_wconf 87' lang='lat' dir='ltr'><strong>possidere</strong></span> <span class='ocrx_word' id='word_1_61' title='bbox 374 876 465 932; x_wconf 87' lang='lat' dir='ltr'><strong>jam</strong></span> <span class='ocrx_word' id='word_1_62' title='bbox 486 880 699 932; x_wconf 86' lang='lat' dir='ltr'><strong>coeperat,</strong></span> <span class='ocrx_word' id='word_1_63' title='bbox 723 881 1036 932; x_wconf 70' lang='lat' dir='ltr'>consequenter</span> <span class='ocrx_word' id='word_1_64' title='bbox 1052 875 1180 918; x_wconf 81' lang='lat' dir='ltr'><strong>etiam</strong></span> <span class='ocrx_word' id='word_1_65' title='bbox 1199 872 1291 935; x_wconf 84' lang='lat' dir='ltr'><strong>ipse</strong></span> <span class='ocrx_word' id='word_1_66' title='bbox 1305 875 1513 919; x_wconf 85' lang='lat' dir='ltr'><strong>retinere:</strong></span> 
     </span>
     <span class='ocr_line' id='line_1_10' title="bbox 136 939 1517 1002; baseline 0 -13"><span class='ocrx_word' id='word_1_67' title='bbox 136 943 341 989; x_wconf 87' lang='lat' dir='ltr'><strong>nolumus</strong></span> <span class='ocrx_word' id='word_1_68' title='bbox 364 953 524 996; x_wconf 82' lang='lat' dir='ltr'><strong>tamen,</strong></span> <span class='ocrx_word' id='word_1_69' title='bbox 554 939 759 1002; x_wconf 83' lang='lat' dir='ltr'><strong>quoniam</strong></span> <span class='ocrx_word' id='word_1_70' title='bbox 786 940 879 984; x_wconf 86' lang='lat' dir='ltr'><strong>fisci</strong></span> <span class='ocrx_word' id='word_1_71' title='bbox 905 939 1077 986; x_wconf 84' lang='lat' dir='ltr'><strong>debitor</strong></span> <span class='ocrx_word' id='word_1_72' title='bbox 1102 941 1186 987; x_wconf 82' lang='lat' dir='ltr'><strong>fuit</strong></span> <span class='ocrx_word' id='word_1_73' title='bbox 1204 979 1214 997; x_wconf 83' lang='grc'>,</span> <span class='ocrx_word' id='word_1_74' title='bbox 1246 942 1366 988; x_wconf 88' lang='lat' dir='ltr'><strong>hunc</strong></span> <span class='ocrx_word' id='word_1_75' title='bbox 1391 960 1517 989; x_wconf 88' lang='lat' dir='ltr'><strong>scru-</strong></span> 
     </span>
     <span class='ocr_line' id='line_1_11' title="bbox 136 1009 1535 1077; baseline -0.001 -17"><span class='ocrx_word' id='word_1_76' title='bbox 136 1013 294 1077; x_wconf 88' lang='lat' dir='ltr'><strong>pulum</strong></span> <span class='ocrx_word' id='word_1_77' title='bbox 321 1012 486 1058; x_wconf 87' lang='lat' dir='ltr'><strong>habere</strong></span> <span class='ocrx_word' id='word_1_78' title='bbox 519 1010 564 1056; x_wconf 88' lang='lat' dir='ltr'><strong>in</strong></span> <span class='ocrx_word' id='word_1_79' title='bbox 599 1009 877 1056; x_wconf 83' lang='lat' dir='ltr'><strong>conscientia.</strong></span> <span class='ocrx_word' id='word_1_80' title='bbox 910 1010 1062 1073; x_wconf 82' lang='lat' dir='ltr'><strong>Neque</strong></span> <span class='ocrx_word' id='word_1_81' title='bbox 1103 1012 1217 1057; x_wconf 88' lang='lat' dir='ltr'><strong>enim</strong></span> <span class='ocrx_word' id='word_1_82' title='bbox 1252 1012 1369 1058; x_wconf 87' lang='lat' dir='ltr'><strong>fraus</strong></span> <span class='ocrx_word' id='word_1_83' title='bbox 1406 1014 1535 1070; x_wconf 67' lang='lat' dir='ltr'><strong>ista,=</strong></span> 
     </span>
     <span class='ocr_line' id='line_1_12' title="bbox 136 1079 1516 1147; baseline -0.001 -18"><span class='ocrx_word' id='word_1_84' title='bbox 136 1083 241 1147; x_wconf 85' lang='lat' dir='ltr'><strong>quia</strong></span> <span class='ocrx_word' id='word_1_85' title='bbox 265 1084 370 1128; x_wconf 84' lang='lat' dir='ltr'><strong>fisco</strong></span> <span class='ocrx_word' id='word_1_86' title='bbox 394 1081 545 1135; x_wconf 86' lang='lat' dir='ltr'><strong>fiebat,</strong></span> <span class='ocrx_word' id='word_1_87' title='bbox 571 1079 670 1126; x_wconf 86' lang='lat' dir='ltr'><strong>ideo</strong></span> <span class='ocrx_word' id='word_1_88' title='bbox 691 1097 778 1125; x_wconf 89' lang='lat' dir='ltr'><strong>non</strong></span> <span class='ocrx_word' id='word_1_89' title='bbox 796 1081 947 1126; x_wconf 81' lang='lat' dir='ltr'><strong>fiebat.</strong></span> <span class='ocrx_word' id='word_1_90' title='bbox 972 1082 1026 1126; x_wconf 81' lang='lat' dir='ltr'><strong>Et</strong></span> <span class='ocrx_word' id='word_1_91' title='bbox 1047 1082 1119 1128; x_wconf 90' lang='lat' dir='ltr'><strong>ille</strong></span> <span class='ocrx_word' id='word_1_92' title='bbox 1133 1082 1310 1146; x_wconf 86' lang='lat' dir='ltr'><strong>quidem</strong></span> <span class='ocrx_word' id='word_1_93' title='bbox 1332 1084 1516 1140; x_wconf 74' lang='lat' dir='ltr'><strong>Paulus,</strong></span> 
     </span>
     <span class='ocr_line' id='line_1_13' title="bbox 139 1149 1518 1217; baseline 0.001 -19"><span class='ocrx_word' id='word_1_94' title='bbox 139 1163 373 1217; x_wconf 89' lang='lat' dir='ltr'><strong>postquam</strong></span> <span class='ocrx_word' id='word_1_95' title='bbox 395 1151 627 1214; x_wconf 85' lang='lat' dir='ltr'><strong>episcopus</strong></span> <span class='ocrx_word' id='word_1_96' title='bbox 647 1149 788 1195; x_wconf 82' lang='lat' dir='ltr'><strong>factus</strong></span> <span class='ocrx_word' id='word_1_97' title='bbox 809 1160 888 1205; x_wconf 88' lang='lat' dir='ltr'><strong>est,</strong></span> <span class='ocrx_word' id='word_1_98' title='bbox 916 1151 1243 1198; x_wconf 83' lang='lat' dir='ltr'><strong>renuntiaturus</strong></span> <span class='ocrx_word' id='word_1_99' title='bbox 1269 1154 1354 1198; x_wconf 85' lang='lat' dir='ltr'><strong>suis</strong></span> <span class='ocrx_word' id='word_1_100' title='bbox 1380 1155 1518 1199; x_wconf 90' lang='lat' dir='ltr'><strong>omni·</strong></span> 
     </span>
     <span class='ocr_line' id='line_1_14' title="bbox 139 1221 1520 1284; baseline 0.001 -15"><span class='ocrx_word' id='word_1_101' title='bbox 139 1223 226 1269; x_wconf 84' lang='lat' dir='ltr'><strong>bus</strong></span> <span class='ocrx_word' id='word_1_102' title='bbox 250 1222 379 1268; x_wconf 85' lang='lat' dir='ltr'><strong>rebus</strong></span> <span class='ocrx_word' id='word_1_103' title='bbox 407 1231 588 1284; x_wconf 86' lang='lat' dir='ltr'><strong>propter</strong></span> <span class='ocrx_word' id='word_1_104' title='bbox 614 1221 875 1265; x_wconf 78' lang='lat' dir='ltr'><strong>immensum</strong></span> <span class='ocrx_word' id='word_1_105' title='bbox 901 1221 1127 1267; x_wconf 86' lang='lat' dir='ltr'><strong>cumulum</strong></span> <span class='ocrx_word' id='word_1_106' title='bbox 1160 1222 1371 1269; x_wconf 87' lang='lat' dir='ltr'><strong>fiscalium</strong></span> <span class='ocrx_word' id='word_1_107' title='bbox 1398 1224 1520 1273; x_wconf 62' lang='lat' dir='ltr'><strong>debi÷</strong></span> 
     </span>
     <span class='ocr_line' id='line_1_15' title="bbox 138 1288 1518 1358; baseline 0.001 -20"><span class='ocrx_word' id='word_1_108' title='bbox 138 1303 285 1338; x_wconf 88' lang='lat' dir='ltr'><strong>torum</strong></span> <span class='ocrx_word' id='word_1_109' title='bbox 304 1329 314 1347; x_wconf 91' lang='lat'>‚</span> <span class='ocrx_word' id='word_1_110' title='bbox 343 1301 489 1336; x_wconf 88' lang='lat' dir='ltr'><strong>exacta</strong></span> <span class='ocrx_word' id='word_1_111' title='bbox 510 1288 697 1352; x_wconf 86' lang='lat' dir='ltr'><strong>quadam</strong></span> <span class='ocrx_word' id='word_1_112' title='bbox 724 1289 952 1344; x_wconf 71' lang='lat' dir='ltr'><strong>cautione,</strong></span> <span class='ocrx_word' id='word_1_113' title='bbox 978 1291 1022 1336; x_wconf 91' lang='lat' dir='ltr'><strong>in</strong></span> <span class='ocrx_word' id='word_1_114' title='bbox 1048 1308 1133 1354; x_wconf 87' lang='lat' dir='ltr'><strong>qua</strong></span> <span class='ocrx_word' id='word_1_115' title='bbox 1159 1303 1323 1338; x_wconf 87' lang='lat' dir='ltr'><strong>certum</strong></span> <span class='ocrx_word' id='word_1_116' title='bbox 1346 1294 1383 1339; x_wconf 86' lang='lat' dir='ltr'><strong>ei</strong></span> <span class='ocrx_word' id='word_1_117' title='bbox 1409 1312 1518 1358; x_wconf 88' lang='lat' dir='ltr'><strong>pon-</strong></span> 
     </span>
     <span class='ocr_line' id='line_1_16' title="bbox 137 1359 1516 1420; baseline 0.001 -11"><span class='ocrx_word' id='word_1_118' title='bbox 137 1362 221 1409; x_wconf 88' lang='lat' dir='ltr'><strong>dus</strong></span> <span class='ocrx_word' id='word_1_119' title='bbox 249 1361 498 1407; x_wconf 86' lang='lat' dir='ltr'><strong>debebatur</strong></span> <span class='ocrx_word' id='word_1_120' title='bbox 519 1359 709 1418; x_wconf 76' lang='lat' dir='ltr'><strong>argenti,</strong></span> <span class='ocrx_word' id='word_1_121' title='bbox 733 1359 813 1404; x_wconf 78' lang='lat' dir='ltr'><strong>hos</strong></span> <span class='ocrx_word' id='word_1_122' title='bbox 832 1360 1000 1419; x_wconf 86' lang='lat' dir='ltr'><strong>exiguos</strong></span> <span class='ocrx_word' id='word_1_123' title='bbox 1024 1360 1198 1420; x_wconf 78' lang='lat' dir='ltr'><strong>agellos,</strong></span> <span class='ocrx_word' id='word_1_124' title='bbox 1222 1362 1336 1408; x_wconf 89' lang='lat' dir='ltr'><strong>unde</strong></span> <span class='ocrx_word' id='word_1_125' title='bbox 1353 1364 1516 1418; x_wconf 73' lang='lat' dir='ltr'><strong>victum</strong></span> 
     </span>
     <span class='ocr_line' id='line_1_17' title="bbox 137 1430 1517 1494; baseline 0.001 -15"><span class='ocrx_word' id='word_1_126' title='bbox 137 1442 418 1483; x_wconf 81' lang='lat' dir='ltr'><strong>sustentaret,</strong></span> <span class='ocrx_word' id='word_1_127' title='bbox 447 1442 651 1493; x_wconf 84' lang='lat' dir='ltr'><strong>tanquam</strong></span> <span class='ocrx_word' id='word_1_128' title='bbox 679 1430 886 1476; x_wconf 81' lang='lat' dir='ltr'><strong>Ecclesiae</strong></span> <span class='ocrx_word' id='word_1_129' title='bbox 910 1433 1204 1494; x_wconf 81' lang='lat' dir='ltr'><strong>comparavit,</strong></span> <span class='ocrx_word' id='word_1_130' title='bbox 1237 1434 1319 1478; x_wconf 81' lang='lat' dir='ltr'><strong>sul)</strong></span> <span class='ocrx_word' id='word_1_131' title='bbox 1343 1435 1517 1481; x_wconf 90' lang='lat' dir='ltr'><strong>nomine</strong></span> 
     </span>
     <span class='ocr_line' id='line_1_18' title="bbox 138 1500 1518 1566; baseline 0.003 -16"><span class='ocrx_word' id='word_1_132' title='bbox 138 1515 242 1550; x_wconf 90' lang='lat' dir='ltr'><strong>tunc</strong></span> <span class='ocrx_word' id='word_1_133' title='bbox 277 1502 592 1566; x_wconf 78' lang='lat' dir='ltr'><strong>potentissimae</strong></span> <span class='ocrx_word' id='word_1_134' title='bbox 629 1500 804 1557; x_wconf 84' lang='lat' dir='ltr'><strong>domus,</strong></span> <span class='ocrx_word' id='word_1_135' title='bbox 840 1511 889 1546; x_wconf 89' lang='lat' dir='ltr'><strong>ut</strong></span> <span class='ocrx_word' id='word_1_136' title='bbox 921 1502 1049 1547; x_wconf 87' lang='lat' dir='ltr'><strong>etiam</strong></span> <span class='ocrx_word' id='word_1_137' title='bbox 1086 1520 1133 1548; x_wconf 85' lang='lat' dir='ltr'><strong>ex</strong></span> <span class='ocrx_word' id='word_1_138' title='bbox 1174 1504 1307 1566; x_wconf 86' lang='lat' dir='ltr'><strong>ipsis,</strong></span> <span class='ocrx_word' id='word_1_139' title='bbox 1353 1523 1518 1556; x_wconf 85' lang='lat' dir='ltr'><strong>morem</strong></span> 
     </span>
     <span class='ocr_line' id='line_1_19' title="bbox 136 1571 1519 1637; baseline 0.001 -17"><span class='ocrx_word' id='word_1_140' title='bbox 136 1591 263 1620; x_wconf 88' lang='lat' dir='ltr'><strong>suum</strong></span> <span class='ocrx_word' id='word_1_141' title='bbox 283 1590 479 1637; x_wconf 87' lang='lat' dir='ltr'><strong>sequens,</strong></span> <span class='ocrx_word' id='word_1_142' title='bbox 509 1589 611 1618; x_wconf 88' lang='lat' dir='ltr'><strong>cum</strong></span> <span class='ocrx_word' id='word_1_143' title='bbox 637 1571 741 1617; x_wconf 82' lang='lat' dir='ltr'><strong>fisco</strong></span> <span class='ocrx_word' id='word_1_144' title='bbox 763 1588 850 1616; x_wconf 88' lang='lat' dir='ltr'><strong>non</strong></span> <span class='ocrx_word' id='word_1_145' title='bbox 872 1572 1082 1628; x_wconf 79' lang='lat' dir='ltr'><strong>solveret,</strong></span> <span class='ocrx_word' id='word_1_146' title='bbox 1110 1574 1251 1624; x_wconf 86' lang='lat' dir='ltr'><strong>nullas</strong></span> <span class='ocrx_word' id='word_1_147' title='bbox 1270 1587 1519 1626; x_wconf 75' lang='lat' dir='ltr'><strong>exactorum</strong></span> 
     </span>
     <span class='ocr_line' id='line_1_20' title="bbox 137 1642 1515 1706; baseline 0.002 -16"><span class='ocrx_word' id='word_1_148' title='bbox 137 1644 352 1692; x_wconf 81' lang='lat' dir='ltr'><strong>molestias</strong></span> <span class='ocrx_word' id='word_1_149' title='bbox 385 1652 619 1706; x_wconf 85' lang='lat' dir='ltr'><strong>pateretur.</strong></span> <span class='ocrx_word' id='word_1_150' title='bbox 665 1642 749 1687; x_wconf 87' lang='lat' dir='ltr'><strong>Iste</strong></span> <span class='ocrx_word' id='word_1_151' title='bbox 774 1652 917 1688; x_wconf 89' lang='lat' dir='ltr'><strong>autem</strong></span> <span class='ocrx_word' id='word_1_152' title='bbox 945 1643 1022 1705; x_wconf 89' lang='lat' dir='ltr'><strong>qui</strong></span> <span class='ocrx_word' id='word_1_153' title='bbox 1061 1643 1202 1689; x_wconf 82' lang='lat' dir='ltr'><strong>eidem</strong></span> <span class='ocrx_word' id='word_1_154' title='bbox 1225 1645 1417 1692; x_wconf 84' lang='lat' dir='ltr'><strong>ecclesiae</strong></span> <span class='ocrx_word' id='word_1_155' title='bbox 1438 1647 1515 1693; x_wconf 89' lang='lat' dir='ltr'><strong>illo</strong></span> 
     </span>
     <span class='ocr_line' id='line_1_21' title="bbox 136 1712 1518 1778; baseline 0.002 -18"><span class='ocrx_word' id='word_1_156' title='bbox 136 1713 343 1760; x_wconf 78' lang='lat' dir='ltr'><strong>defuncto</strong></span> <span class='ocrx_word' id='word_1_157' title='bbox 370 1724 432 1758; x_wconf 89' lang='lat' dir='ltr'><strong>est</strong></span> <span class='ocrx_word' id='word_1_158' title='bbox 461 1712 688 1758; x_wconf 83' lang='lat' dir='ltr'><strong>ordinatus</strong></span> <span class='ocrx_word' id='word_1_159' title='bbox 708 1748 719 1767; x_wconf 93' lang='lat'>,</span> <span class='ocrx_word' id='word_1_160' title='bbox 762 1712 909 1757; x_wconf 81' lang='lat' dir='ltr'><strong>timuit</strong></span> <span class='ocrx_word' id='word_1_161' title='bbox 940 1713 1021 1760; x_wconf 86' lang='lat' dir='ltr'><strong>hos</strong></span> <span class='ocrx_word' id='word_1_162' title='bbox 1047 1731 1169 1773; x_wconf 86' lang='lat' dir='ltr'><strong>agros</strong></span> <span class='ocrx_word' id='word_1_163' title='bbox 1197 1715 1443 1778; x_wconf 86' lang='lat' dir='ltr'><strong>suscipere:</strong></span> <span class='ocrx_word' id='word_1_164' title='bbox 1475 1728 1518 1763; x_wconf 89' lang='lat' dir='ltr'><strong>et</strong></span> 
     </span>
     <span class='ocr_line' id='line_1_22' title="bbox 136 1781 1513 1848; baseline 0.001 -17"><span class='ocrx_word' id='word_1_165' title='bbox 136 1801 237 1831; x_wconf 87' lang='lat' dir='ltr'><strong>cum</strong></span> <span class='ocrx_word' id='word_1_166' title='bbox 255 1794 397 1848; x_wconf 87' lang='lat' dir='ltr'><strong>posset</strong></span> <span class='ocrx_word' id='word_1_167' title='bbox 416 1800 495 1846; x_wconf 91' lang='lat' dir='ltr'><strong>pro</strong></span> <span class='ocrx_word' id='word_1_168' title='bbox 517 1782 615 1828; x_wconf 89' lang='lat' dir='ltr'><strong>solis</strong></span> <span class='ocrx_word' id='word_1_169' title='bbox 635 1781 855 1828; x_wconf 80' lang='lat' dir='ltr'><strong>fiscalibus</strong></span> <span class='ocrx_word' id='word_1_170' title='bbox 881 1782 1065 1839; x_wconf 81' lang='lat' dir='ltr'><strong>debitis,</strong></span> <span class='ocrx_word' id='word_1_171' title='bbox 1089 1801 1190 1847; x_wconf 82' lang='lat' dir='ltr'><strong>quae</strong></span> <span class='ocrx_word' id='word_1_172' title='bbox 1217 1784 1271 1830; x_wconf 88' lang='lat' dir='ltr'><strong>de</strong></span> <span class='ocrx_word' id='word_1_173' title='bbox 1296 1803 1513 1834; x_wconf 87' lang='lat' dir='ltr'><strong>memora-</strong></span> 
     </span>
     <span class='ocr_line' id='line_1_23' title="bbox 136 1851 1517 1917; baseline 0.001 -17"><span class='ocrx_word' id='word_1_174' title='bbox 136 1855 218 1910; x_wconf 89' lang='lat' dir='ltr'><strong>tis,</strong></span> <span class='ocrx_word' id='word_1_175' title='bbox 261 1851 612 1917; x_wconf 86' lang='lat' dir='ltr'><strong>possessiunculis</strong></span> <span class='ocrx_word' id='word_1_176' title='bbox 637 1851 709 1897; x_wconf 90' lang='lat' dir='ltr'><strong>ille</strong></span> <span class='ocrx_word' id='word_1_177' title='bbox 750 1862 1052 1908; x_wconf 78' lang='lat' dir='ltr'><strong>contraxerat,</strong></span> <span class='ocrx_word' id='word_1_178' title='bbox 1095 1853 1318 1916; x_wconf 88' lang='lat' dir='ltr'><strong>imperiale</strong></span> <span class='ocrx_word' id='word_1_179' title='bbox 1347 1855 1517 1905; x_wconf 82' lang='lat' dir='ltr'><strong>benefi-</strong></span> 
     </span>
     <span class='ocr_line' id='line_1_24' title="bbox 138 1922 1518 1987; baseline 0.001 -17"><span class='ocrx_word' id='word_1_180' title='bbox 138 1925 255 1971; x_wconf 89' lang='lat' dir='ltr'><strong>cium</strong></span> <span class='ocrx_word' id='word_1_181' title='bbox 278 1922 515 1987; x_wconf 84' lang='lat' dir='ltr'><strong>postulare,</strong></span> <span class='ocrx_word' id='word_1_182' title='bbox 544 1932 684 1967; x_wconf 88' lang='lat' dir='ltr'><strong>totum</strong></span> <span class='ocrx_word' id='word_1_183' title='bbox 709 1922 864 1968; x_wconf 89' lang='lat' dir='ltr'><strong>maluit</strong></span> <span class='ocrx_word' id='word_1_184' title='bbox 882 1924 1097 1978; x_wconf 84' lang='lat' dir='ltr'><strong>confiteri,</strong></span> <span class='ocrx_word' id='word_1_185' title='bbox 1126 1924 1246 1987; x_wconf 87' lang='lat' dir='ltr'><strong>quod</strong></span> <span class='ocrx_word' id='word_1_186' title='bbox 1264 1941 1331 1969; x_wconf 90' lang='lat' dir='ltr'><strong>eas</strong></span> <span class='ocrx_word' id='word_1_187' title='bbox 1355 1926 1518 1972; x_wconf 85' lang='lat' dir='ltr'><strong>Paulus</strong></span> 
     </span>
     <span class='ocr_line' id='line_1_25' title="bbox 137 1992 1520 2056; baseline 0.002 -17"><span class='ocrx_word' id='word_1_188' title='bbox 137 1994 191 2040; x_wconf 90' lang='lat' dir='ltr'><strong>de</strong></span> <span class='ocrx_word' id='word_1_189' title='bbox 210 2004 384 2054; x_wconf 84' lang='lat' dir='ltr'><strong>argento</strong></span> <span class='ocrx_word' id='word_1_190' title='bbox 399 1992 599 2056; x_wconf 87' lang='lat' dir='ltr'><strong>proprio,</strong></span> <span class='ocrx_word' id='word_1_191' title='bbox 624 2009 726 2037; x_wconf 88' lang='lat' dir='ltr'><strong>cum</strong></span> <span class='ocrx_word' id='word_1_192' title='bbox 752 2003 858 2037; x_wconf 90' lang='lat' dir='ltr'><strong>esset</strong></span> <span class='ocrx_word' id='word_1_193' title='bbox 879 1993 982 2038; x_wconf 84' lang='lat' dir='ltr'><strong>fisco</strong></span> <span class='ocrx_word' id='word_1_194' title='bbox 1006 1994 1236 2044; x_wconf 79' lang='lat' dir='ltr'><strong>obnoxius,</strong></span> <span class='ocrx_word' id='word_1_195' title='bbox 1259 1993 1312 2039; x_wconf 88' lang='lat' dir='ltr'><strong>de</strong></span> <span class='ocrx_word' id='word_1_196' title='bbox 1331 1995 1520 2043; x_wconf 85' lang='lat' dir='ltr'><strong>hastario</strong></span> 
     </span>
     <span class='ocr_line' id='line_1_26' title="bbox 139 2062 1521 2129; baseline 0 -18"><span class='ocrx_word' id='word_1_197' title='bbox 139 2075 302 2116; x_wconf 84' lang='lat' dir='ltr'><strong>emerat</strong></span> <span class='ocrx_word' id='word_1_198' title='bbox 325 2081 336 2109; x_wconf 76' lang='lat' dir='ltr'><strong>t</strong></span> <span class='ocrx_word' id='word_1_199' title='bbox 358 2074 405 2109; x_wconf 87' lang='lat' dir='ltr'><strong>ut</strong></span> <span class='ocrx_word' id='word_1_200' title='bbox 424 2080 493 2112; x_wconf 83' lang='lat' dir='ltr'><strong>eas</strong></span> <span class='ocrx_word' id='word_1_201' title='bbox 511 2062 708 2118; x_wconf 72' lang='lat' dir='ltr'><strong>ecclesia,</strong></span> <span class='ocrx_word' id='word_1_202' title='bbox 737 2062 770 2107; x_wconf 86' lang='lat' dir='ltr'><strong>si</strong></span> <span class='ocrx_word' id='word_1_203' title='bbox 791 2063 883 2108; x_wconf 89' lang='lat' dir='ltr'><strong>fieri</strong></span> <span class='ocrx_word' id='word_1_204' title='bbox 907 2074 1066 2126; x_wconf 83' lang='lat' dir='ltr'><strong>potest,</strong></span> <span class='ocrx_word' id='word_1_205' title='bbox 1099 2081 1188 2109; x_wconf 88' lang='lat' dir='ltr'><strong>non</strong></span> <span class='ocrx_word' id='word_1_206' title='bbox 1216 2065 1387 2110; x_wconf 79' lang='lat' dir='ltr'><strong>occulta</strong></span> <span class='ocrx_word' id='word_1_207' title='bbox 1402 2066 1521 2129; x_wconf 83' lang='lat' dir='ltr'><strong>epis-</strong></span> 
     </span>
     <span class='ocr_line' id='line_1_27' title="bbox 142 2132 1526 2198; baseline 0.001 -18"><span class='ocrx_word' id='word_1_208' title='bbox 142 2135 244 2198; x_wconf 88' lang='lat' dir='ltr'><strong>copi</strong></span> <span class='ocrx_word' id='word_1_209' title='bbox 279 2134 508 2196; x_wconf 86' lang='lat' dir='ltr'><strong>iniquitate</strong></span> <span class='ocrx_word' id='word_1_210' title='bbox 530 2170 542 2187; x_wconf 90' lang='lat'><strong>‚</strong></span> <span class='ocrx_word' id='word_1_211' title='bbox 591 2132 665 2182; x_wconf 86' lang='lat' dir='ltr'><strong>sed</strong></span> <span class='ocrx_word' id='word_1_212' title='bbox 706 2132 931 2179; x_wconf 85' lang='lat' dir='ltr'><strong>manifesta</strong></span> <span class='ocrx_word' id='word_1_213' title='bbox 968 2134 1209 2179; x_wconf 85' lang='lat' dir='ltr'><strong>Christiani</strong></span> <span class='ocrx_word' id='word_1_214' title='bbox 1246 2136 1526 2198; x_wconf 87' lang='lat' dir='ltr'><strong>Imperatoris</strong></span> 
     </span>
     <span class='ocr_line' id='line_1_28' title="bbox 141 2203 1527 2267; baseline 0.002 -17"><span class='ocrx_word' id='word_1_215' title='bbox 141 2204 404 2254; x_wconf 85' lang='lat' dir='ltr'><strong>liberalitate</strong></span> <span class='ocrx_word' id='word_1_216' title='bbox 431 2203 660 2266; x_wconf 82' lang='lat' dir='ltr'><strong>possideat.</strong></span> <span class='ocrx_word' id='word_1_217' title='bbox 691 2203 826 2259; x_wconf 82' lang='lat' dir='ltr'><strong>Quod</strong></span> <span class='ocrx_word' id='word_1_218' title='bbox 857 2204 890 2248; x_wconf 90' lang='lat' dir='ltr'><strong>si</strong></span> <span class='ocrx_word' id='word_1_219' title='bbox 924 2205 1018 2250; x_wconf 87' lang='lat' dir='ltr'><strong>fieri</strong></span> <span class='ocrx_word' id='word_1_220' title='bbox 1046 2222 1133 2250; x_wconf 87' lang='lat' dir='ltr'><strong>non</strong></span> <span class='ocrx_word' id='word_1_221' title='bbox 1161 2215 1334 2267; x_wconf 86' lang='lat' dir='ltr'><strong>potest,</strong></span> <span class='ocrx_word' id='word_1_222' title='bbox 1375 2207 1527 2254; x_wconf 86' lang='lat' dir='ltr'><strong>melius</strong></span> 
     </span>
     <span class='ocr_line' id='line_1_29' title="bbox 138 2274 1528 2337; baseline 0.003 -17"><span class='ocrx_word' id='word_1_223' title='bbox 138 2275 303 2337; x_wconf 85' lang='lat' dir='ltr'><strong>inopiae</strong></span> <span class='ocrx_word' id='word_1_224' title='bbox 338 2274 534 2320; x_wconf 85' lang='lat' dir='ltr'><strong>laborem</strong></span> <span class='ocrx_word' id='word_1_225' title='bbox 572 2274 683 2319; x_wconf 81' lang='lat' dir='ltr'><strong>servi</strong></span> <span class='ocrx_word' id='word_1_226' title='bbox 721 2274 800 2318; x_wconf 87' lang='lat' dir='ltr'><strong>Dei</strong></span> <span class='ocrx_word' id='word_1_227' title='bbox 836 2274 1048 2330; x_wconf 83' lang='lat' dir='ltr'><strong>tolerant,</strong></span> <span class='ocrx_word' id='word_1_228' title='bbox 1089 2291 1219 2337; x_wconf 85' lang='lat' dir='ltr'><strong>quam</strong></span> <span class='ocrx_word' id='word_1_229' title='bbox 1246 2286 1294 2320; x_wconf 90' lang='lat' dir='ltr'><strong>ut</strong></span> <span class='ocrx_word' id='word_1_230' title='bbox 1328 2293 1528 2324; x_wconf 83' lang='lat' dir='ltr'><strong>necessa-</strong></span> 
     </span>
     <span class='ocr_line' id='line_1_30' title="bbox 142 2344 1443 2395; baseline 0.002 -4"><span class='ocrx_word' id='word_1_231' title='bbox 142 2345 309 2393; x_wconf 87' lang='lat' dir='ltr'><strong>riorum</strong></span> <span class='ocrx_word' id='word_1_232' title='bbox 332 2345 582 2392; x_wconf 79' lang='lat' dir='ltr'><strong>facultatem</strong></span> <span class='ocrx_word' id='word_1_233' title='bbox 603 2361 703 2391; x_wconf 88' lang='lat' dir='ltr'><strong>cum</strong></span> <span class='ocrx_word' id='word_1_234' title='bbox 728 2345 994 2391; x_wconf 84' lang='lat' dir='ltr'><strong>conscientia</strong></span> <span class='ocrx_word' id='word_1_235' title='bbox 1019 2344 1186 2390; x_wconf 87' lang='lat' dir='ltr'><strong>fraudis</strong></span> <span class='ocrx_word' id='word_1_236' title='bbox 1203 2345 1443 2395; x_wconf 86' lang='lat' dir='ltr'><strong>obtineant.</strong></span> 
     </span>
    </p>

    <p class='ocr_par' dir='ltr' id='par_1_4' title="bbox 145 2415 1534 2618">
     <span class='ocr_line' id='line_1_31' title="bbox 208 2415 1532 2479; baseline 0.003 -19"><span class='ocrx_word' id='word_1_237' title='bbox 208 2416 294 2463; x_wconf 88' lang='lat' dir='ltr'><strong>Ill.</strong></span> <span class='ocrx_word' id='word_1_238' title='bbox 327 2415 395 2461; x_wconf 87' lang='lat' dir='ltr'><strong>Ad</strong></span> <span class='ocrx_word' id='word_1_239' title='bbox 419 2415 508 2462; x_wconf 85' lang='lat' dir='ltr'><strong>hoc</strong></span> <span class='ocrx_word' id='word_1_240' title='bbox 535 2427 657 2464; x_wconf 87' lang='lat' dir='ltr'><strong>tuum</strong></span> <span class='ocrx_word' id='word_1_241' title='bbox 682 2415 933 2474; x_wconf 82' lang='lat' dir='ltr'><strong>suffragium</strong></span> <span class='ocrx_word' id='word_1_242' title='bbox 968 2416 1161 2478; x_wconf 86' lang='lat' dir='ltr'><strong>petimus</strong></span> <span class='ocrx_word' id='word_1_243' title='bbox 1185 2416 1405 2479; x_wconf 80' lang='lat' dir='ltr'><strong>impartiri</strong></span> <span class='ocrx_word' id='word_1_244' title='bbox 1429 2418 1532 2479; x_wconf 82' lang='lat' dir='ltr'><strong>dig-</strong></span> 
     </span>
     <span class='ocr_line' id='line_1_32' title="bbox 147 2484 1534 2549; baseline 0.001 -17"><span class='ocrx_word' id='word_1_245' title='bbox 147 2485 260 2533; x_wconf 84' lang='lat' dir='ltr'><strong>neris</strong></span> <span class='ocrx_word' id='word_1_246' title='bbox 282 2503 293 2530; x_wconf 71' lang='grc' dir='ltr'><strong>ι</strong></span> <span class='ocrx_word' id='word_1_247' title='bbox 321 2485 419 2548; x_wconf 88' lang='lat' dir='ltr'><strong>quia</strong></span> <span class='ocrx_word' id='word_1_248' title='bbox 444 2485 488 2530; x_wconf 90' lang='lat' dir='ltr'><strong>id</strong></span> <span class='ocrx_word' id='word_1_249' title='bbox 509 2484 627 2549; x_wconf 84' lang='lat' dir='ltr'><strong>quod</strong></span> <span class='ocrx_word' id='word_1_250' title='bbox 654 2485 797 2547; x_wconf 81' lang='lat' dir='ltr'><strong>primo</strong></span> <span class='ocrx_word' id='word_1_251' title='bbox 822 2485 1104 2546; x_wconf 77' lang='lat' dir='ltr'><strong>impetratum</strong></span> <span class='ocrx_word' id='word_1_252' title='bbox 1136 2496 1223 2541; x_wconf 87' lang='lat' dir='ltr'><strong>est,</strong></span> <span class='ocrx_word' id='word_1_253' title='bbox 1262 2486 1402 2532; x_wconf 89' lang='lat' dir='ltr'><strong>noluit</strong></span> <span class='ocrx_word' id='word_1_254' title='bbox 1427 2488 1534 2534; x_wconf 86' lang='lat' dir='ltr'><strong>alle-</strong></span> 
     </span>
     <span class='ocr_line' id='line_1_33' title="bbox 145 2555 1524 2618; baseline 0.002 -16"><span class='ocrx_word' id='word_1_255' title='bbox 145 2573 262 2618; x_wconf 75' lang='lat' dir='ltr'><strong>gare,</strong></span> <span class='ocrx_word' id='word_1_256' title='bbox 280 2572 333 2601; x_wconf 89' lang='lat' dir='ltr'><strong>ne</strong></span> <span class='ocrx_word' id='word_1_257' title='bbox 348 2556 504 2602; x_wconf 82' lang='lat' dir='ltr'><strong>iterum</strong></span> <span class='ocrx_word' id='word_1_258' title='bbox 525 2555 808 2618; x_wconf 84' lang='lat' dir='ltr'><strong>supplicandi</strong></span> <span class='ocrx_word' id='word_1_259' title='bbox 828 2555 908 2600; x_wconf 89' lang='lat' dir='ltr'><strong>sibi</strong></span> <span class='ocrx_word' id='word_1_260' title='bbox 926 2555 1524 2606; x_wconf 81' lang='lat' dir='ltr'><strong>intercluderetfacultatem:</strong></span> 
     </span>
    </p>
   </div>
   <div class='ocr_carea' id='block_1_3' title="bbox 141 2625 1526 2692">
    <p class='ocr_par' dir='ltr' id='par_1_5' title="bbox 141 2625 1526 2692">
     <span class='ocr_line' id='line_1_34' title="bbox 141 2625 1526 2692; baseline 0 -14"><span class='ocrx_word' id='word_1_261' title='bbox 141 2645 234 2678; x_wconf 87' lang='lat' dir='ltr'><strong>non</strong></span> <span class='ocrx_word' id='word_1_262' title='bbox 252 2625 369 2677; x_wconf 88' lang='lat' dir='ltr'><strong>enim</strong></span> <span class='ocrx_word' id='word_1_263' title='bbox 392 2637 484 2674; x_wconf 85' lang='lat' dir='ltr'><strong>erat</strong></span> <span class='ocrx_word' id='word_1_264' title='bbox 500 2626 556 2674; x_wconf 85' lang='lat' dir='ltr'><strong>ad</strong></span> <span class='ocrx_word' id='word_1_265' title='bbox 575 2625 819 2675; x_wconf 80' lang='lat' dir='ltr'><strong>desiderata</strong></span> <span class='ocrx_word' id='word_1_266' title='bbox 843 2643 1115 2692; x_wconf 87' lang='lat' dir='ltr'><strong>responsum.</strong></span> <span class='ocrx_word' id='word_1_267' title='bbox 1146 2627 1185 2676; x_wconf 93' lang='lat' dir='ltr'>N</span> <span class='ocrx_word' id='word_1_268' title='bbox 1192 2644 1279 2676; x_wconf 85' lang='lat' dir='ltr'><strong>une</strong></span> <span class='ocrx_word' id='word_1_269' title='bbox 1303 2645 1405 2678; x_wconf 86' lang='lat' dir='ltr'><strong>vero</strong></span> <span class='ocrx_word' id='word_1_270' title='bbox 1424 2645 1526 2678; x_wconf 87' lang='lat' dir='ltr'><strong>cum</strong></span> 
     </span>
    </p>
   </div>
  </div>
 </body>
</html>
