1902 3268
330 234 427 296 294
741 249 778 279 s·
820 247 1067 282 AUGUSTINI
1100 249 1305 281 Emscom

334 312 524 364 dicimus
559 313 726 361 diversa
757 326 1006 379 praecepta,
1047 333 1146 380 quae
1183 327 1326 362 tamen
1362 316 1508 364 onmia
1542 316 1706 365 bonam

333 384 553 431 aedisicent
570 386 703 430 vitam
719 421 729 441 ‚
764 386 846 430 alia
871 387 924 431 dc
945 387 1138 433 castitate
1156 425 1165 443 ‚
1192 388 1274 433 alia
1300 388 1352 434 de
1375 388 1602 452 patientia,
1624 387 1707 439 alia

332 455 386 501 dc
410 456 496 501 fide
513 493 523 511 ‚
548 456 630 501 alia
656 456 709 500 de
730 456 1021 502 misericordia
1039 495 1049 513 ‚
1073 469 1113 503 ct
1132 459 1165 503 si
1184 477 1283 522 quae
1308 471 1408 506 sunt
1428 470 1599 513 (netem,
1620 476 1709 504 non

331 526 473 573 solum
494 527 719 589 appetitur
740 526 819 572 viis
842 538 884 572 et
911 529 1160 574 tramitibus
1180 530 1237 574 ita
1258 530 1436 576 diversis
1455 531 1527 576 illa
1549 530 1711 593 patria,

333 597 619 643 verumetiam
652 598 880 660 reperitur.
918 599 1029 644 Nam
1059 611 1101 646 et
1128 600 1173 645 in
1211 601 1452 663 Scripturis
1491 601 1649 646 sanctis
1675 610 1717 646 et

332 666 417 713 viae
452 667 683 727 leguntur,
720 678 762 713 et
785 669 888 714 via:
929 670 1044 726 viae,
1086 670 1199 716 sicut
1235 670 1344 716 illud
1380 681 1470 728 est,
1495 670 1714 717 «Docebo

332 737 544 802 »iniquos
565 739 655 785 vias
678 750 774 785 tuas
792 775 803 788 .
831 750 873 785 et
889 739 1013 804 impii
1036 740 1087 786 ad
1111 752 1152 786 te
1175 741 1513 787 coiwertentur1
1536 759 1547 786 :
1575 762 1595 784 ι)
1622 740 1709 797 via,

333 808 448 855 sicut
473 809 584 855 illud
600 847 611 866 ‚
643 831 663 851 c<
681 810 836 856 Deduc
855 828 924 857 me
949 812 994 858 in
1013 812 1081 859 via
1107 822 1197 867 tua,
1224 822 1265 857 ct
1283 812 1524 858 ambulabo
1543 812 1588 858 in
1606 810 1715 857 veri-

336 899 358 922 »
375 890 463 925 tate
487 882 605 927 tua2.
633 902 654 922 >)
679 883 779 927 Non
803 882 897 929 aliae
918 883 1006 929 itlae
1023 921 1033 940 ,
1066 883 1147 929 alia
1174 883 1253 930 ista
1270 921 1280 937 ‚
1319 883 1393 929 sed
1426 900 1574 929 omnes
1601 899 1713 937 una,

326 949 382 996 de
401 951 564 1014 quibus
587 950 670 997 alio
690 952 789 999 loco
809 953 958 999 eadem
979 965 1125 1001 sancta
1146 954 1377 1019 Scriptura
1408 954 1515 1000 dicit
1534 991 1545 1008 ‚
1569 974 1589 997 <t
1613 952 1718 998 Uni-

338 1040 510 1071 »versae
540 1025 623 1072 viae
661 1026 842 1073 Domini
865 1027 1163 1074 misericordia
1188 1038 1229 1074 et
1263 1028 1447 1074 veritas³
1470 1046 1481 1072 ε
1506 1050 1526 1070 »
1553 1043 1654 1091 quae
1685 1025 1718 1071 si

333 1093 563 1155 diligenter
586 1096 916 1142 considerentur
938 1134 948 1152 ‚
984 1099 1210 1162 copiosum
1236 1099 1418 1162 pariunt
1447 1113 1685 1144 sermonem
1702 1132 1713 1153 ‚

328 1165 688 1231 intellectumque
728 1168 1033 1216 suavissimum
1069 1187 1080 1215 ε
1118 1169 1239 1233 quod
1278 1169 1312 1214 si
1340 1186 1451 1232 opus
1483 1169 1644 1224 fuerit,
1673 1168 1718 1214 in

332 1247 508 1301 tempus
529 1237 647 1284 aliud
672 1238 884 1285 differam.

394 1309 522 1356 XIII.
550 1310 681 1356 Nunc
705 1321 847 1356 autem
865 1348 876 1367 ,
911 1311 1034 1375 quod
1059 1312 1159 1357 satis
1184 1328 1272 1358 esse
1299 1311 1491 1357 arbitror
1510 1327 1591 1374 pro
1617 1325 1717 1355 sus-

331 1390 460 1444 cepto
482 1379 626 1426 officio
639 1382 908 1428 rescribendi
930 1384 1202 1446 praestantia?
1228 1381 1554 1446 tuae‚qu0niam
1571 1380 1720 1426 Chris-

333 1461 404 1496 tus
426 1450 563 1508 dixit,
594 1473 615 1493 c<
635 1453 728 1512 Ego
747 1469 842 1498 sum
867 1453 985 1508 vias*⁵
1001 1476 1019 1495 ›>
1047 1454 1090 1498 in
1110 1454 1185 1499 illo
1206 1453 1445 1518 quaercnda
1466 1463 1528 1498 est
1551 1451 1721 1496 miscri-

333 1520 484 1568 cordia
497 1531 540 1567 et
554 1522 712 1569 veritas
728 1541 738 1581 3
753 1541 807 1569 ne
824 1523 856 1569 si
874 1523 979 1569 alibi
992 1524 1238 1588 quaesierim
1248 1542 1293 1569 us
1307 1540 1515 1579 erremus,
1533 1532 1723 1568 tenentes

334 1603 617 1657 appetentem
652 1594 793 1650 viam,
821 1595 894 1640 sed
919 1613 1005 1640 non
1030 1596 1158 1641 etiam
1186 1595 1512 1659 perducentem.
1538 1592 1666 1639 Velut
1689 1593 1723 1638 si

335 1664 455 1710 hanc
469 1665 606 1728 ipsam
621 1675 765 1712 tenere
775 1667 1121 1723 vellcnuis‚unde
1134 1667 1343 1730 quiddam
1354 1663 1721 1722 commemorasti,

337 1735 534 1781 «Omnia
559 1747 741 1798 peccata
753 1754 840 1782 esse
853 1737 975 1800 paria
992 1758 1035 1791 ς»
1052 1755 1195 1783 nonne
1210 1738 1264 1783 ab
1276 1736 1500 1801 illapatria
1513 1734 1719 1792 veritatis,

336 1817 380 1852 et
405 1806 648 1863 beatitatis,
686 1825 763 1853 nos
791 1807 918 1868 longe
943 1809 1084 1855 exules
1110 1809 1332 1855 mitteret?
1359 1806 1468 1872 quid
1500 1807 1616 1852 enim
1641 1806 1725 1852 ab·-

339 1876 537 1933 surdius,
574 1877 684 1941 quid
719 1878 911 1925 insanius
948 1878 1036 1925 dici
1072 1890 1239 1943 potest,
1270 1896 1402 1943 quam
1432 1887 1481 1923 ut
1516 1877 1615 1933 ille,
1649 1876 1726 1940 qui

342 1947 567 2010 aliquanto
598 1948 927 1995 immoderatius
949 1949 1110 2007 riserit,
1143 1960 1184 1995 et
1213 1949 1285 1995 ille
1312 1949 1389 2012 qui
1421 1947 1609 2012 patriam
1634 1958 1725 1994 tru-

343 2018 559 2065 culentius
598 2019 842 2066 incenderit
862 2057 874 2076 ‚
919 2037 1120 2084 peccasse
1156 2020 1415 2081 judicentur
1467 2017 1724 2082 aequaliter?

343 2090 489 2147 Quam
503 2088 683 2152 quidem
702 2100 746 2136 tu
763 2107 810 2136 ex
823 2091 1116 2154 quorumdam
1134 2090 1509 2155 philosophorum
1521 2089 1726 2152 opinione

340 2177 431 2207 non
454 2159 668 2207 dlversam
690 2162 804 2208 viam
822 2199 832 2218 ‚
861 2179 963 2227 quas
987 2173 1130 2208 tamen
1160 2162 1295 2209 ducat
1321 2162 1374 2208 ad
1401 2160 1620 2208 coelestem
1640 2159 1727 2206 ha-

340 2231 600 2278 bitationem
620 2269 631 2288 ‚
653 2232 727 2278 sed
749 2232 880 2297 plane
903 2251 1151 2298 perversam
1174 2272 1185 2291 ‚
1215 2251 1316 2297 quae
1340 2233 1465 2279 ducit
1494 2231 1548 2277 ad
1583 2231 1728 2295 perni-

343 2302 630 2349 ciosissimum
660 2321 847 2350 errorem
871 2343 882 2361 ‚
910 2323 999 2352 non
1024 2323 1106 2370 pro
1128 2316 1204 2351 tuo
1226 2322 1374 2361 sensu,
1402 2303 1474 2350 sed
1494 2321 1576 2367 pro
1598 2318 1727 2348 causa

343 2373 509 2420 civium
538 2384 713 2421 tuorum
739 2375 1036 2423 adhibendam
1062 2378 1251 2441 putasti3
1293 2388 1341 2422 ut
1365 2376 1425 2422 sic
1453 2376 1727 2436 ignoscamus

344 2445 423 2503 eiS,
446 2462 637 2513 quorum
655 2448 928 2508 saevientium
945 2449 1123 2512 ignibus
1145 2449 1251 2497 arsit
1268 2447 1462 2499 Ecclesia
1479 2484 1491 2503 ,
1508 2444 1725 2511 quemad-

395 2558 509 2605 !Psal.
533 2571 570 2602 z,
601 2561 718 2596 15.—
737 2561 952 2609 ²1d.1„xxxv,
977 2575 1032 2600 11.
1048 2562 1121 2590 ——3
1136 2564 1184 2598 1d.
1202 2575 1238 2608 u,
1254 2569 1288 2603 4.
1303 2580 1349 2591 -
1366 2559 1381 2586 4
1397 2564 1494 2595 Joan.
1514 2571 1582 2600 xxv,
1597 2561 1629 2592 6.
1696 2552 1698 2554 ¹
