1902 3268
597 282 808 313 ΕΡιεΤοιΑ
846 283 1042 313 cxxxvn.
1433 270 1524 323 507

152 345 345 410 quodam
386 346 518 393 modo
549 346 755 393 diffundit
784 366 806 393 a
842 365 984 395 carne.
1017 349 1140 395 Unde
1166 350 1278 396 enim
1318 350 1520 407 dicimus,

152 414 256 464 foris
274 428 414 474 sonat,
440 417 519 464 nisi
539 417 601 464 ibi
622 419 852 465 sentiamus
872 419 947 464 ubi
968 423 1125 466 sonat?
1148 422 1259 481 Ergo
1279 431 1320 466 et
1349 421 1436 467 illic
1459 439 1525 468 ex-

153 498 221 533 tra
241 504 412 534 carnem
433 499 622 534 nostram
648 490 848 537 vivimus.
875 491 940 535 An
959 491 1113 537 sentire
1140 508 1370 555 possumus
1394 502 1434 537 et
1451 492 1528 538 ubi

154 575 243 605 non
284 558 488 614 vivimUS,
516 576 617 605 cum
630 577 772 606 sensus
786 561 873 606 sine
891 561 977 606 vita
998 578 1083 607 esse
1100 579 1185 607 non
1203 561 1365 625 possit?

221 628 298 676 VI.
327 628 485 674 Caeteri
501 639 584 674 tres
601 646 746 676 sensus
766 630 885 693 apud
910 631 1080 694 scipsos
1100 633 1306 686 sentiunt,
1331 632 1532 695 quamvis

157 698 212 744 de
229 698 392 745 olfactu
416 709 654 763 utcumque
669 703 802 764 possit
820 701 1028 747 dubitari.
1062 704 1124 748 De
1147 714 1274 761 gustu
1298 714 1441 748 autem
1463 713 1532 748 at-

158 786 243 833 que
265 779 385 816 tactu
408 769 525 816 nulla
542 772 832 817 controversia
853 783 913 817 cst
933 809 942 827 ‚
968 772 1086 835 quod
1121 790 1167 817 ea
1191 790 1291 837 quae
1315 785 1535 832 gustamus

159 849 202 885 et
229 840 464 900 tangimus,
499 856 588 886 non
607 840 729 897 alibi,
755 858 887 904 quam
910 844 955 886 in
975 859 1102 888 carne
1136 853 1282 888 nostra
1307 842 1529 890 sentimus.

161 910 350 956 Proinde
375 910 444 956 isti
469 921 554 956 tres
573 928 717 956 sensus
743 913 797 957 ab
821 912 904 958 hac
924 912 1265 959 consideratione
1284 929 1535 959 semovean-

162 990 250 1030 tur.
278 980 405 1026 Visus
441 979 700 1044 auditusque
734 983 918 1044 afferunt
944 984 1189 1029 mirabilem
1223 984 1533 1047 quaestionem,

164 1060 239 1096 aut
275 1049 496 1114 quomodo
526 1051 668 1096 anima
688 1052 843 1097 sentiat
866 1053 943 1098 ubi
967 1071 1053 1098 non
1077 1054 1201 1110 vivit,
1224 1063 1298 1098 aut
1318 1053 1539 1116 quomodo

164 1121 284 1168 vivat
303 1120 381 1166 ubi
404 1137 492 1167 non
509 1131 585 1167 est.
612 1121 761 1184 Neque
778 1123 890 1168 enim
904 1124 981 1169 nisi
996 1124 1041 1169 in
1061 1142 1188 1170 carne
1203 1141 1277 1169 sua
1294 1135 1355 1169 est
1380 1142 1390 1168 :
1411 1120 1538 1169 sentit

167 1201 310 1237 autem
343 1190 471 1237 etiam
497 1201 658 1254 praeter
673 1208 843 1238 carnem
868 1210 1003 1240 suam.
1032 1195 1098 1240 lbi
1123 1195 1289 1258 quippe
1305 1194 1433 1239 sentit
1461 1194 1537 1240 ubi

163 1260 308 1316 videt3
352 1261 454 1326 quia
477 1272 518 1307 et
550 1261 694 1308 videre
729 1263 884 1308 sentire
925 1275 999 1310 est.
1032 1265 1102 1310 Ibi
1130 1264 1258 1310 sentit
1289 1265 1364 1309 ubi
1386 1263 1534 1318 audit;

168 1332 273 1397 quia
295 1343 337 1378 et
355 1331 528 1390 audire,
566 1332 719 1377 sentire
754 1344 829 1380 est.
858 1337 946 1379 Aut
970 1352 1069 1394 ergo
1097 1346 1137 1380 et
1159 1335 1221 1380 ibi
1245 1334 1370 1387 vivit,
1394 1352 1443 1379 ac
1463 1352 1542 1398 per

169 1402 255 1449 hoc
272 1403 400 1449 etiam
420 1413 462 1448 et
484 1403 547 1448 ibi
568 1413 656 1456 est;
676 1413 749 1448 aut
772 1404 954 1449 sentitet
972 1405 1047 1450 ubi
1072 1422 1160 1450 non
1184 1405 1291 1450 vivit
1307 1424 1317 1458 ;
1336 1416 1410 1450 aut
1438 1405 1546 1451 vivit

168 1483 210 1518 et
234 1472 309 1518 ubi
326 1490 414 1518 non
441 1482 517 1518 est.
542 1472 650 1518 Haec
667 1473 812 1518 onmia
829 1475 937 1519 mira
961 1485 1078 1531 sunt,
1110 1475 1223 1521 nihil
1248 1475 1406 1521 horum
1426 1475 1545 1522 affir-

169 1545 278 1590 mari
299 1544 389 1589 sine
412 1541 604 1607 quadam
636 1543 753 1588 velut
783 1543 1052 1591 absurditate
1082 1556 1254 1609 potest:
1277 1557 1318 1592 et
1344 1546 1396 1592 de
1422 1563 1547 1593 sensu

169 1614 393 1679 loquimur
417 1613 662 1659 morticino.
690 1613 809 1670 Quid
832 1614 964 1674 igitur
992 1626 1053 1661 est
1082 1617 1177 1679 ipsa
1205 1616 1366 1671 anima,
1392 1627 1554 1680 praeter

173 1685 369 1749 corporis
389 1701 579 1740 sensum,
607 1683 653 1729 id
671 1694 732 1729 est
746 1684 790 1729 in
809 1697 951 1731 mente
967 1703 1054 1750 qua
1081 1688 1159 1732 ista
1181 1688 1452 1733 considerat?
1468 1687 1550 1733 Ne-

172 1773 257 1820 que
273 1757 388 1801 enim
413 1772 537 1801 sensu
555 1755 752 1818 corporis
768 1793 778 1809 ‚
804 1755 857 1801 de
878 1757 982 1820 ipsis
1001 1758 1194 1803 sensibus
1221 1757 1554 1821 corporisjudi-

174 1837 260 1874 cat.
292 1827 348 1871 Et
369 1836 577 1890 putamus
596 1825 723 1871 nobis
743 1825 796 1871 de
831 1827 1145 1890 omnipotentia
1176 1828 1254 1873 Dei
1294 1827 1552 1874 incredibile

175 1897 265 1944 dici
283 1896 468 1961 aliquid,
495 1913 597 1942 cum
631 1895 792 1942 dicitur
814 1897 1006 1943 Verbum
1035 1900 1132 1955 Dei,
1159 1916 1238 1962 per
1270 1898 1387 1962 quod
1409 1899 1554 1944 omnia

175 1968 292 2015 facta
312 1978 431 2024 sunt,
461 1968 522 2013 sic
546 1968 822 2030 assumpsisse
848 1985 1007 2032 corpus
1032 1987 1078 2015 ex
1099 1970 1280 2030 virgine,
1298 1980 1338 2015 et
1362 1969 1556 2015 sensibus

178 2039 429 2104 apparuisse
444 2037 720 2095 mortalibus,
742 2049 791 2084 ut
813 2038 1182 2086 immortalitatem
1200 2057 1320 2086 suam
1343 2057 1430 2086 non
1454 2057 1557 2086 cor-

178 2109 365 2173 ruperit,
388 2119 438 2155 ut
457 2108 740 2154 aeternitatem
760 2126 846 2155 non
865 2111 1112 2168 mutaverit,
1132 2122 1179 2157 ut
1194 2121 1451 2174 potestatem
1470 2127 1557 2157 non

180 2180 404 2235 minuerit,
432 2179 911 2226 utadministrationem
936 2182 1092 2227 mundi
1116 2199 1207 2227 non
1230 2180 1479 2236 deseruerit,
1512 2190 1560 2226 ut

183 2268 208 2297 a
226 2251 323 2296 sinu
347 2250 504 2307 Patris,
526 2249 571 2295 id
590 2260 665 2308 est,
687 2269 710 2296 a
733 2261 912 2307 secreto,
942 2269 1029 2315 quo
1051 2269 1151 2298 cum
1170 2251 1244 2298 illo
1264 2263 1304 2297 et
1328 2250 1461 2296 inillo
1480 2261 1556 2309 est,

186 2337 274 2367 non
287 2321 518 2367 recesserit.

251 2392 353 2436 VII.
380 2390 574 2437 Verbum
600 2390 680 2436 Dei
702 2390 763 2436 sic
801 2391 1017 2453 intellige,
1047 2411 1125 2456 per
1157 2392 1277 2457 quod
1317 2393 1432 2439 facta
1456 2403 1557 2438 sunt

188 2463 352 2518 omnia,
370 2479 459 2508 non
487 2471 536 2508 ut
563 2465 654 2522 ejus
686 2461 865 2508 transire
882 2462 1046 2527 aliquid
1070 2464 1230 2525 cogites
1247 2501 1258 2521 ‚
1285 2475 1326 2510 et
1345 2480 1392 2510 ex
1413 2462 1562 2510 futuro

188 2533 458 2597 praeteritum
487 2532 593 2579 fieri.
623 2532 770 2578 Manet
795 2532 923 2578 sicuti
945 2544 1024 2591 est,
1057 2545 1099 2580 et
1135 2533 1299 2598 ubique
1324 2543 1464 2580 totum
1480 2544 1555 2580 est.

190 2603 316 2651 Venit
336 2613 479 2650 autem
497 2620 598 2651 cum
615 2600 931 2660 manifestatur,
959 2615 1002 2651 et
1029 2621 1129 2652 cum
1147 2604 1391 2652 occultatur
1410 2604 1564 2649 absce-
