1902 3268
663 329 876 361 Epis‘rom
912 330 1062 364 cxxv1.
1461 324 1553 380 445

177 402 307 448 runt?
329 401 393 446 Ac
410 415 489 463 per
505 396 593 442 1106
612 394 680 442 vel
700 396 852 442 mortis
868 396 935 442 vel
951 398 1217 461 captivitatis
1241 412 1359 448 metu
1383 413 1559 451 extortae

172 470 381 532 jurationi
409 469 489 516 nisi
507 477 739 532 pareatur,
767 468 847 514 nisi
871 468 979 515 fides
996 487 1096 534 quae
1113 471 1175 518 ibi
1191 471 1293 519 data
1315 485 1378 519 est
1404 485 1555 522 custo-

177 541 341 598 diatur,
372 539 606 600 sacrilegii,
633 540 816 602 periurii
839 539 1022 586 crimine
1042 541 1305 601 detinentur,
1329 545 1459 592 etiam
1490 558 1557 592 ta-

176 611 237 659 les
258 612 457 658 homines
472 612 551 676 qui
573 611 707 671 magis
723 621 920 656 metuunt
937 615 1127 674 pejerare
1141 652 1152 671 ,
1178 632 1310 679 quam
1332 616 1555 664 hominem

177 683 404 730 occidere:
430 694 472 729 et
494 700 568 729 nos
590 680 739 728 utru'm
763 682 986 745 implenda
1013 684 1066 730 sit
1090 695 1253 732 extorta
1275 687 1441 746 juratio
1466 705 1556 734 ser-

177 770 330 800 vorum
354 755 464 809 Dei,
495 769 672 799 munere
698 753 937 798 sanctitatis
960 756 1369 816 praeeminentium,
1404 775 1559 804 mona-

179 823 364 871 chorum
410 824 463 870 ad
502 822 811 887 perfectionem
855 823 1160 871 mandatorum
1203 826 1369 873 Christi
1415 845 1559 875 rerum

181 893 309 939 etiam
336 911 512 940 suarum
537 892 843 939 distributione
869 895 1140 941 currentium
1160 933 1171 952 ‚
1214 898 1337 961 quasi
1379 898 1557 964 discep-

183 964 315 1010 taturi
335 966 541 1028 ponimus
559 963 875 1027 quaestionem?

246 1035 350 1081 Xll.
379 1036 488 1080 Nam
513 1033 621 1098 quid
638 1033 749 1080 exilii
769 1034 836 1080 vel
862 1035 1179 1099 deportationis
1200 1049 1273 1084 aut
1293 1039 1562 1100 relegationis

184 1105 358 1152 nomine
375 1105 585 1169 promissa
604 1104 677 1150 illa
694 1106 925 1168 praesentia
950 1118 1269 1170 praegravatur,
1292 1110 1471 1156 obsecro
1489 1115 1560 1157 te?

186 1177 302 1222 Puto
326 1175 446 1239 quod
469 1176 791 1239 presbyterium
814 1193 902 1222 non
921 1188 982 1223 est
1001 1177 1188 1226 exilium.
1216 1180 1312 1226 Hoc
1335 1198 1436 1241 ergo
1458 1199 1561 1228 nos-

189 1258 252 1293 ter
282 1246 482 1307 eligeret,
514 1264 647 1311 quam
681 1246 792 1292 illud
819 1247 1023 1294 exilium?
1056 1249 1214 1295 Absita
1241 1251 1394 1306 nobis,
1431 1263 1477 1297 ut
1502 1253 1562 1298 sic

189 1318 376 1364 Sanctus
404 1317 482 1362 Dei
506 1327 548 1362 et
576 1317 703 1363 nobis
721 1317 1000 1363 charissimus
1019 1318 1290 1368 defendatur.
1324 1322 1448 1368 Absit
1463 1361 1473 1379 ,
1494 1324 1566 1368 111-

188 1404 322 1452 quam
337 1423 348 1443 ‚
371 1397 420 1432 ut
441 1386 614 1433 dicatur
636 1386 835 1433 maluisse
862 1388 1034 1434 exilium
1062 1406 1191 1452 quam
1214 1392 1533 1454 presbyterium
1553 1431 1563 1449 ‚

192 1469 268 1504 aut
296 1457 494 1504 maluisse
521 1457 762 1521 perjurium
782 1475 915 1521 quam
945 1459 1132 1507 exilium.
1170 1461 1277 1507 Haec
1298 1462 1508 1520 dicerem,
1534 1466 1566 1510 si

191 1545 290 1576 vere
307 1545 330 1573 a
347 1526 496 1585 nobiS‚
523 1539 597 1573 aut
617 1546 638 1574 a
657 1528 825 1592 populo
841 1530 1002 1588 juratio
1029 1531 1067 1575 ei
1096 1530 1244 1577 fuisset
1267 1543 1429 1579 extorta
1460 1551 1568 1597 pro-

193 1598 419 1645 mittendae
437 1600 681 1661 praesentiae
698 1617 708 1644 :
728 1616 845 1645 nunc
866 1617 966 1646 vero
988 1617 1076 1646 non
1099 1612 1262 1648 extorta
1279 1614 1340 1648 est
1358 1604 1464 1649 dum
1494 1623 1569 1650 ne-

196 1679 388 1729 garetur,
413 1667 485 1713 sed
503 1667 610 1713 dum
629 1670 856 1715 offerretur
876 1681 1068 1733 accepta.
1092 1672 1147 1716 Et
1166 1671 1252 1718 hoc
1270 1690 1316 1718 ea
1333 1691 1408 1736 spe
1427 1713 1436 1729 ,
1461 1676 1570 1721 sieut

197 1756 329 1802 supra
351 1737 557 1794 diximus,
585 1739 686 1801 quia
705 1739 921 1802 perillam
945 1741 1221 1803 praesentiam
1241 1742 1455 1789 creditum
1479 1759 1535 1790 est
1556 1783 1566 1800 ‚

198 1826 296 1855 eum
315 1808 445 1854 etiam
471 1807 525 1853 ad
545 1808 798 1855 clericatum
821 1810 1145 1873 suscipiendum
1167 1829 1292 1875 posse
1319 1813 1572 1860 desiderun-

200 1880 319 1926 tibus
356 1879 610 1927 consentire.
655 1882 879 1926 Postremo
911 1881 1142 1944 quodlibet
1174 1882 1227 1928 de
1264 1884 1389 1930 nohis
1421 1886 1486 1931 vel
1523 1887 1576 1932 de

201 1949 558 2013 Hipponensibus
575 1951 801 2007 sentiatur,
828 1951 953 2011 longe
971 1952 1051 1997 alia
1074 1963 1135 1998 est
1155 1971 1305 1999 eorum
1337 1972 1466 2001 causa
1499 1958 1574 2021 qui

203 2022 426 2082 coegerint
448 2024 615 2081 Jurare‚
647 2039 779 2085 quam
809 2039 957 2068 eorum
983 2023 1060 2087 qui
1090 2040 1175 2069 non
1197 2025 1297 2070 dico
1321 2028 1542 2086 coegerint
1560 2067 1573 2084 ,

204 2091 274 2138 sed
295 2091 506 2137 suaserint
524 2095 728 2154 pejerare.
750 2094 845 2156 Ipse
862 2092 993 2138 etiam
1021 2093 1074 2139 de
1089 2111 1176 2157 quo
1200 2095 1357 2155 agitur,
1375 2098 1577 2144 conside-

207 2179 300 2208 rare
319 2178 404 2207 non
434 2173 590 2207 renuat
609 2199 618 2217 ‚
645 2174 790 2209 utrum
825 2164 876 2209 sit
904 2168 1026 2227 pejus
1045 2202 1055 2219 ‚
1092 2166 1174 2211 sub
1197 2166 1396 2229 quolibet
1425 2169 1578 2216 timore

201 2231 507 2292 jusjurandum
528 2270 538 2287 ‚
563 2251 614 2277 un
634 2244 796 2279 remoto
817 2234 911 2297 ipso
934 2235 1084 2279 timore
1109 2236 1349 2298 perjurium
1368 2240 1386 2282 ἱ)

274 2304 399 2349 xlll.
439 2305 524 2348 Deo
551 2303 732 2362 gratias,
760 2305 859 2367 quia
889 2322 972 2349 11011
995 2305 1116 2350 aliter
1146 2305 1450 2369 Hipponenses
1473 2326 1581 2372 pro-

212 2375 387 2419 missum
413 2373 529 2418 cirea
549 2391 590 2418 se
614 2374 784 2437 impleri
807 2375 1022 2427 sentiunt,
1050 2392 1181 2438 quam
1205 2387 1253 2421 111
1285 2376 1394 2422 adsit
1426 2379 1586 2425 volun-

213 2455 296 2489 tate
318 2443 572 2497 habitandi,
593 2455 634 2488 61
653 2455 721 2489 eut
739 2461 826 2506 quo
853 2462 1019 2489 necesso
1041 2445 1170 2490 fuerit
1189 2462 1288 2492 cum
1307 2446 1590 2511 dispositione

215 2513 420 2559 redeundi
449 2551 457 2560 .
487 2514 597 2559 Nam
627 2514 661 2558 si
682 2514 811 2558 verba
840 2514 1071 2572 jurationis
1097 2516 1367 2562 attenderent
1385 2529 1426 2563 et
1446 2520 1584 2580 exige·

216 2595 336 2639 rent,
366 2595 450 2629 tam
488 2583 606 2629 1111110
637 2584 767 2629 modo
800 2600 944 2629 servus
986 2584 1064 2628 Dei
1091 2584 1311 2640 recedere,
1338 2604 1469 2651 quam
1500 2589 1587 2635 ullo

217 2655 346 2702 modo
371 2655 523 2703 debuit
544 2659 748 2718 pejerare.
782 2655 863 2700 Sed
886 2656 986 2718 quia
1006 2656 1168 2702 611111611
1186 2674 1333 2703 eorum
1350 2670 1481 2716 esset,
1505 2679 1590 2707 11011
