1902 3268
650 322 861 353 ιΡιεΤοιΑ
897 323 1066 354 cxxvii.
1452 309 1544 366 453

170 408 192 433 υ
213 399 255 436 et
280 389 454 446 cecidit,
479 400 522 438 et
549 389 665 436 facta
703 399 765 434 est
798 388 923 435 ruina
958 392 1050 449 ejus
1090 405 1246 449 magna
1262 387 1296 437 1.
1322 410 1342 430 »
1379 391 1544 438 Audire

167 477 268 521 ergo
303 459 377 507 illa
415 461 548 508 verba
567 498 578 517 ,
614 459 831 506 aedificare
864 470 941 506 est.
983 461 1034 505 In
1075 459 1161 505 hoc
1203 459 1377 523 utrique
1418 478 1545 524 pares

166 541 281 578 sunt.
314 531 366 577 In
386 530 586 578 faciendo
606 541 765 587 autem,
791 541 833 576 et
856 548 943 577 non
964 530 1164 577 faciendo
1196 531 1314 595 quod
1336 531 1538 587 audiunt,

167 611 338 648 tantum
359 600 551 666 dispares
569 639 580 658 ,
624 612 837 665 quantum
861 601 1099 647 aedificium
1118 638 1129 655 ‚
1164 611 1302 664 petrae
1328 601 1544 649 soliditate

165 671 399 719 fundatum
432 672 580 736 dispar
617 682 678 718 est
699 672 763 727 ei,
793 671 912 736 quod
947 672 1036 718 sine
1061 671 1149 717 ullo
1170 671 1454 718 fundamento
1473 672 1542 719 fa-

166 741 240 788 cili
264 759 405 788 arenae
433 742 680 789 mobilitate
703 743 985 789 subvertitur.
1008 742 1097 787 Nec
1117 741 1214 787 ideo
1240 742 1434 805 quisquis
1451 760 1543 788 om-

165 813 270 860 nino
290 831 377 860 non
403 813 543 870 audit,
565 814 699 860 tutius
725 813 808 859 sihi
830 813 993 877 aliquid
1019 823 1262 875 comparat.
1284 812 1410 859 Nihil
1425 812 1540 858 enim

166 884 418 942 aedificans,
464 885 554 931 sine
599 884 688 930 ullo
724 893 836 930 tecto
879 883 1017 929 multo
1051 881 1220 928 facilius
1258 883 1540 940 obruendus,

162 955 421 1019 rapiendus,
447 965 489 1002 et
523 953 838 1018 dispergendus
876 954 1094 1000 imbribus
1135 953 1278 1001 fluviis
1312 955 1542 1019 ventisque

167 1024 369 1074 donatur.

227 1095 350 1144 VIII.
375 1096 550 1144 Possem
568 1094 694 1141 etiam
711 1111 792 1159 pro
808 1093 988 1141 modulo
1011 1111 1104 1141 meo
1121 1095 1293 1142 eosdem
1310 1095 1426 1159 ipsos
1438 1113 1537 1160 per-

164 1166 347 1213 tinentes
372 1165 427 1212 ad
448 1165 663 1212 dexteram
688 1182 956 1229 regnumque
981 1165 1195 1212 coelorum
1211 1166 1254 1212 in
1281 1167 1368 1212 suis
1383 1166 1535 1226 gradi-

161 1237 246 1283 bus
265 1236 511 1300 meritisque
533 1236 815 1296 distinguere,
843 1247 970 1300 atque
988 1235 1226 1292 ostendere,
1256 1252 1343 1300 quo
1370 1236 1540 1283 differat

163 1307 253 1355 vita
281 1307 521 1369 conjugalis
552 1307 663 1353 filios
692 1307 1017 1371 procreantium
1045 1317 1221 1371 patrum
1258 1317 1537 1371 matrumque

162 1378 366 1434 familias,
401 1388 698 1425 verumtamen
712 1377 1007 1437 religiosorum
1026 1395 1076 1424 ac
1100 1377 1293 1441 piorum,
1319 1378 1374 1423 ab
1394 1395 1442 1423 ea
1458 1378 1547 1424 vita

164 1465 298 1513 quam
319 1465 396 1495 vos
419 1449 510 1494 Deo
529 1448 723 1505 vovistis,
745 1448 777 1493 si
800 1464 919 1494 nunc
940 1448 993 1494 ad
1009 1465 1103 1494 eam
1126 1448 1366 1495 vovendam
1392 1448 1547 1494 exhor-

163 1517 321 1565 tandus
343 1535 480 1565 esses:
507 1518 580 1564 sed
606 1518 708 1583 quia
730 1521 820 1578 jam
846 1518 1031 1575 vovisti,
1066 1521 1157 1578 jam
1194 1529 1233 1564 te
1255 1518 1540 1574 obstrinxisti,

163 1589 284 1636 aliud
301 1589 381 1635 tibi
418 1589 558 1636 facere
583 1589 804 1636 nonlicet.
826 1590 1081 1653 Priusquam
1098 1606 1204 1635 esses
1223 1590 1313 1635 voti
1338 1606 1458 1639 reus.
1486 1589 1545 1635 li-

161 1660 316 1706 berum
341 1659 451 1716 fuit,
488 1676 576 1723 quo
606 1676 712 1705 esses
749 1659 955 1705 inferior:
979 1660 1175 1723 quamvis
1199 1677 1285 1705 non
1317 1660 1370 1705 sit
1394 1670 1548 1719 gratu-

161 1729 292 1776 landa
323 1728 517 1786 libertas,
545 1746 630 1793 qua
656 1730 705 1774 fit
731 1740 779 1775 ut
797 1747 881 1775 non
915 1729 1124 1775 debeatur
1148 1729 1268 1794 quod
1293 1747 1394 1776 cum
1418 1729 1544 1775 lucro

161 1799 374 1847 redditur.
418 1801 548 1846 Nunc
572 1816 671 1846 vero
696 1802 797 1862 quia
841 1810 1007 1845 tenetur
1044 1800 1164 1864 apud
1196 1801 1334 1846 Deum
1371 1800 1546 1863 sponsio

164 1881 235 1917 tua
253 1909 263 1927 ,
289 1887 375 1916 non
397 1880 437 1915 te
462 1869 513 1915 ad
533 1887 731 1930 magnam
748 1871 959 1929 justitiam
977 1870 1130 1926 invito,
1148 1870 1219 1916 sed
1238 1889 1260 1916 a
1285 1888 1438 1930 magna
1459 1870 1547 1916 ini-

161 1941 326 2005 quitate
358 1939 564 1987 deterreo.
595 1941 692 1985 Non
715 1941 827 1986 enim
852 1941 946 1986 talis
969 1942 1067 1997 eris,
1085 1943 1118 1986 si
1147 1959 1233 1986 non
1250 1940 1399 1986 feceris
1425 1940 1545 2004 quod

160 2011 335 2068 vovisti,
352 2010 490 2076 qualis
507 2011 748 2064 mansisses,
772 2011 804 2056 si
827 2011 938 2057 nihil
954 2012 1037 2057 tale
1052 2012 1250 2059 vovisses,
1271 2012 1415 2057 Minor
1431 2011 1545 2057 enim

161 2093 267 2130 tunc
282 2099 406 2136 esses,
429 2099 516 2127 non
534 2085 670 2145 pejor.
699 2081 834 2127 Modo
853 2093 994 2128 autem
1016 2093 1148 2139 tanto,
1171 2082 1290 2146 quod
1313 2083 1441 2138 absit,
1462 2082 1549 2128 mi-

160 2153 310 2209 serior,
332 2152 366 2197 si
394 2151 526 2197 fidem
571 2153 663 2197 Deo
696 2151 870 2213 fregeris
889 2190 898 2207 ‚
917 2164 1083 2216 quanto
1107 2154 1290 2208 beatior,
1319 2155 1351 2198 si
1376 2152 1547 2216 persol-

159 2224 287 2272 veriS.
315 2223 405 2269 Nec
424 2222 522 2268 idco
557 2233 596 2269 te
615 2223 779 2269 vovisse
808 2225 1039 2287 poeniteat,
1066 2225 1153 2270 imo
1178 2223 1316 2284 gaude
1339 2228 1429 2284 jam
1469 2223 1549 2269 tibi

163 2313 253 2342 non
272 2293 418 2350 licere,
440 2293 561 2356 quod
584 2311 684 2340 eum
703 2305 779 2340 tuo
795 2295 1054 2341 detrimento
1078 2295 1280 2342 licuisset.
1311 2294 1551 2354 Aggredere

161 2367 311 2430 itaque
342 2364 586 2428 intrepidus
602 2401 612 2421 ,
637 2375 678 2410 et
702 2365 819 2411 dieta
842 2366 976 2429 imple
994 2365 1119 2411 factis
1141 2383 1151 2411 t
1178 2365 1268 2429 ipse
1291 2365 1545 2425 adjuvabit,

165 2438 242 2502 qui
265 2446 365 2483 vota
383 2445 457 2481 tua
481 2436 653 2499 expetit.
684 2437 794 2482 Felix
820 2448 881 2483 est
904 2439 1152 2492 necessitas,
1175 2454 1276 2502 quae
1296 2437 1339 2482 in
1372 2435 1548 2482 mcllora

165 2505 402 2570 compellit.

238 2579 316 2624 IX.
346 2576 443 2622 Una
456 2576 545 2623 sola
567 2595 653 2624 esse
675 2595 803 2625 causa
826 2588 984 2643 posset,
1001 2594 1086 2642 qua
1113 2588 1150 2624 te
1163 2577 1206 2624 id
1231 2575 1351 2641 quod
1372 2577 1546 2632 vovisti,

216 2665 224 2685 ¹
245 2659 434 2699 Manh.v11,
457 2666 511 2698 24,
532 2666 563 2693 et
583 2664 660 2695 Luc.
686 2673 731 2704 vi,
749 2669 802 2702 47.
