1902 3268
332 273 425 331 546
838 284 1197 318 ANNOTATmNES.

691 445 947 477 ANNOTA'rto
984 429 1084 492 (32)
1120 446 1219 493 pag.
1263 431 1368 476 206.

400 569 577 615 Nullum
611 567 717 613 alibi
752 566 938 630 reperire
968 576 1028 612 est
1060 565 1285 625 vestigium
1324 564 1499 611 concilii
1533 564 1700 625 hujus:

331 640 450 705 quod
487 638 666 702 quidem
695 655 784 682 non
818 647 914 682 ante
938 653 1101 682 annum
1136 637 1243 682 330.
1277 635 1543 681 celebratum
1576 635 1705 682 fuisse

330 711 503 757 videtur
539 728 549 754 :
587 709 620 754 si
658 708 836 772 quidem
878 717 1071 770 tempore
1111 706 1345 769 Tychoni,
1384 706 1459 769 qui
1489 716 1588 769 post
1622 723 1704 751 an·-

327 799 430 828 num
471 780 578 827 280.
622 779 815 825 floruisse
850 777 1107 837 intelligitur
1142 794 1188 821 ex
1234 776 1464 821 Gennadio
1489 811 1500 832 ‚
1545 774 1704 820 adluat

323 852 718 905 vivebantmulti,
742 860 791 894 ut
808 849 881 894 hic
907 848 964 893 ait
991 847 1256 907 Augustinus
1272 884 1283 902 ‚
1294 864 1383 908 per
1410 863 1530 910 quos
1551 857 1705 892 cerm-

322 927 443 969 sima
471 935 517 968 et
539 923 838 986 apertissima
860 938 956 965 essa
987 920 1345 965 ostenderentur
1363 955 1373 974 ‚
1394 934 1494 981 quae
1521 917 1594 964 ille
1616 918 1704 963 ob·-

326 994 548 1040 tendebat.
582 993 709 1039 Certe
733 991 1062 1036 Donatistarum
1086 989 1292 1045 schisma,
1323 988 1443 1052 quod
1462 1004 1575 1034 anno
1595 987 1701 1035 305.

322 1065 586 1120 excitatum,
634 1061 805 1108 nonnisi
847 1077 961 1106 anno
1001 1062 1108 1106 311.
1150 1059 1338 1122 perfecte
1374 1058 1567 1114 coaluit,
1611 1069 1703 1104 erat

317 1140 408 1196 jam
453 1136 709 1181 roboratum
744 1143 786 1177 et
816 1132 998 1177 maxime
1037 1131 1347 1176 confirmatum
1369 1166 1380 1183 ‚
1419 1146 1522 1175 cum
1558 1140 1703 1175 tantus

323 1208 631 1271 episcoporum
659 1221 866 1251 numerus
891 1204 936 1249 in
958 1203 1116 1249 urbem
1139 1201 1298 1249 Afrieae
1320 1201 1574 1265 primariam
1591 1217 1703 1246 con-

320 1279 468 1334 venit,
499 1277 562 1322 uti
601 1286 715 1322 recte
749 1276 962 1321 observat.
1004 1270 1220 1319 Hem-icus
1243 1271 1436 1317 Valesius
1455 1307 1465 1325 ‚
1487 1271 1564 1335 qui
1589 1271 1701 1317 sub-

319 1349 420 1394 inde
443 1347 662 1412 synodum
696 1347 820 1392 istam
854 1346 907 1391 ad
932 1343 1093 1391 Donati
1121 1342 1474 1403 Carthaginensis
1503 1353 1701 1405 tempora

318 1420 534 1484 pertinere
580 1417 833 1469 contendit,
873 1433 961 1461 non
1008 1426 1150 1461 autem
1198 1414 1252 1460 ad
1300 1430 1461 1459 annum
1495 1413 1604 1460 308.
1650 1423 1697 1459 ut

317 1490 522 1536 Balduini
565 1499 607 1535 et
638 1488 815 1534 Baronii
849 1487 1014 1533 serebat
1056 1485 1231 1549 opinio,
1277 1495 1488 1547 concepta
1521 1501 1568 1530 ex
1608 1484 1697 1530 hoc

316 1561 412 1624 ipso
441 1560 671 1621 Augustini
699 1559 798 1605 loco
827 1576 911 1602 non
939 1557 1077 1619 probe
1105 1555 1353 1609 intellect03
1397 1554 1475 1600 ubi
1504 1553 1698 1601 Valesius

316 1631 443 1678 vellet
469 1631 529 1694 sic
556 1630 637 1690 legi
667 1648 676 1675 τ
712 1628 794 1674 sed
825 1633 966 1672 eliam
1008 1627 1235 1671 universis
1267 1629 1550 1670 sllaw‘ol‘am
1577 1629 1695 1688 epis-

314 1705 446 1766 copis
466 1739 477 1756 ‚
525 1718 644 1765 quos
694 1701 808 1745 diest
850 1716 943 1762 per
977 1714 1130 1742 (clauos
1174 1696 1495 1759 quadraginta
1547 1712 1693 1759 usque

318 1774 386 1819 acl
415 1773 752 1836 peaefectc'onem
790 1787 883 1833 per
912 1773 1210 1819 Macar-awa,
1244 1777 1327 1813 etc.
1364 1766 1513 1812 Lectio
1546 1776 1692 1812 tamen

318 1843 493 1903 vulgata
525 1859 779 1906 quanquam
820 1839 963 1885 minus
1000 1849 1147 1902 aperta
1168 1875 1178 1894 ,
1209 1836 1423 1901 reperitur
1458 1837 1504 1883 in
1544 1838 1688 1883 omni-

321 1915 403 1960 bus
429 1913 557 1959 MSS.

659 2058 916 2088 ANNOTATIO
953 2041 1055 2103 (33)
1090 2057 1190 2103 pag.
1236 2055 1341 2086 222.

385 2187 500 2244 Quia
539 2187 761 2247 magister
793 2194 838 2228 et
870 2184 1117 2246 episeopus
1146 2182 1190 2226 in
1228 2180 1451 2244 superiore
1500 2181 1696 2245 Epistola

321 2258 532 2305 salutatus
566 2254 648 2300 fuit
673 2254 962 2314 Augustinus,
989 2251 1157 2297 idcirco
1182 2250 1327 2296 reddit
1357 2251 1538 2297 salutem
1578 2252 1700 2299 hisce

322 2330 477 2377 verbis,
507 2330 569 2371 Ex
603 2326 765 2389 quibus
801 2325 942 2369 obiter
971 2326 1215 2382 conjectare
1253 2321 1381 2367 nobis
1412 2322 1514 2369 licet
1549 2322 1697 2383 digni-

328 2411 458 2446 tatem
482 2395 777 2460 episcopalem
799 2405 895 2440 ante
926 2410 1089 2439 annum
1110 2395 1215 2455 [109.
1245 2409 1331 2437 non
1349 2391 1552 2438 collatam
1572 2392 1701 2442 fuisse

328 2469 549 2521 Paulin03
588 2467 660 2512 cui
708 2466 901 2528 alioquin
941 2464 1133 2510 ornatior
1169 2463 1320 2509 titulus
1360 2462 1534 2510 debitus
1571 2476 1701 2528 atque

324 2542 408 2606 ipsi
439 2539 495 2585 ab
523 2538 765 2596 Augustino
801 2535 1083 2582 ascribendus
1112 2535 1265 2582 fuerat.
1308 2535 1445 2581 Porro
1473 2539 1701 2595 conjectu-

323 2630 383 2660 rae
411 2610 526 2657 favet
548 2607 750 2653 Ruffinus
771 2608 849 2671 qui
873 2607 918 2653 in
944 2606 1140 2669 Epistola
1170 2606 1490 2669 nuncupatoria
1521 2623 1561 2654 2.
1595 2607 1698 2658 libri
