1902 3268
688 281 900 315 musi-om
935 283 1003 313 cv.
1438 270 1523 315 3οι

152 366 284 416 quem
308 363 385 398 vos
404 349 504 396 inde
521 365 622 396 cum
647 349 766 410 gravi
795 349 954 409 injuria
976 347 1232 412 projecistis
1261 349 1381 405 Quid
1413 350 1532 396 aliud

155 421 411 481 agebamus,
439 420 616 484 quando
639 437 751 466 unus
773 430 974 465 nostrum
1011 418 1273 464 Calamensis
1300 420 1532 482 episcopus

153 490 374 537 Possidius
395 491 491 537 ibat
523 490 576 537 ad
604 490 792 538 fundum
830 489 1162 550 Figulinensem,
1202 489 1284 535 nisi
1311 500 1358 534 ut
1397 490 1532 535 nostri

152 562 352 624 quamvis
375 561 532 625 pauci,
562 561 640 626 qui
674 561 764 607 illic
800 572 941 617 erant,
982 559 1276 613 visitarentur,
1311 570 1353 605 et
1384 559 1532 605 audito

151 631 287 678 verbo
314 633 393 678 Dei
421 631 477 678 ad
498 632 710 678 unitatem
733 631 899 678 Christi
933 630 1010 694 qui
1039 630 1197 676 vellent
1223 641 1531 677 converteren-

148 704 248 748 tur?
276 702 360 748 Cui
383 702 628 748 ambulanti
647 702 762 749 viam
789 718 930 753 suam,
958 700 1176 745 latronum
1200 716 1318 745 more
1339 700 1529 746 insidiati

149 782 266 828 sunt,
293 782 335 818 et
370 773 472 836 quia
499 773 546 819 in
564 789 715 819 eorum
742 771 919 817 insidias
939 768 1093 816 cadere
1131 786 1218 814 non
1241 770 1405 833 potuit,
1432 787 1530 816 eum

150 852 299 905 aperta
313 842 518 889 violentia
535 842 581 888 in
598 841 736 887 fundo
751 840 964 887 Livetensi
976 856 1087 903 pene
1098 839 1246 886 vivum
1266 857 1366 886 cum
1385 840 1533 895 domo,

147 928 237 976 quo
256 912 447 974 fugerat,
474 912 776 969 incenderant,
807 911 890 957 nisi
920 911 1045 956 tertio
1069 911 1315 974 suppositas
1335 911 1531 957 flammas

147 982 291 1029 coloni
328 983 520 1044 ejusdem
541 982 667 1029 fundi
688 993 870 1046 propter
903 982 1147 1046 periculum
1176 999 1265 1028 suae
1287 982 1436 1028 salutis
1459 999 1530 1028 ex-

147 1052 394 1114 tinguerent
420 1071 431 1099 :
451 1064 657 1100 ettamen
675 1070 775 1100 cum
798 1053 1026 1116 Crispinus
1044 1063 1226 1116 propter
1249 1052 1337 1098 hoc
1365 1053 1528 1098 factum

145 1123 195 1171 in
208 1124 510 1187 proconsulari
521 1125 690 1185 judicio
710 1124 1043 1170 convinceretur
1060 1123 1318 1177 haereticus;
1340 1126 1374 1183 ej
1385 1123 1530 1169 usdem

145 1194 342 1258 episcopi
357 1195 541 1241 Possidii
558 1195 793 1241 intercessu
810 1194 958 1240 decem
974 1194 1110 1239 libras
1127 1194 1221 1239 auri
1235 1211 1322 1239 non
1335 1203 1396 1238 est
1413 1211 1532 1239 exac-

146 1273 230 1312 tus,
256 1265 340 1311 Cui
354 1265 670 1311 benevolentiae
684 1275 725 1310 et
739 1264 1063 1311 mansuetudini
1080 1264 1291 1323 ingratus,
1317 1263 1370 1308 ad
1390 1265 1531 1326 Impe-

144 1344 306 1381 ratores
331 1335 572 1381 catholicos
602 1351 730 1381 ausus
749 1346 812 1380 est
830 1334 1066 1398 appellare.
1095 1333 1221 1379 Unde
1243 1333 1360 1379 hanc
1378 1333 1424 1378 in
1455 1351 1527 1379 vos

142 1404 252 1451 iram
267 1406 368 1463 Dei,
395 1405 449 1452 de
472 1423 558 1470 qua
578 1406 877 1463 murmuratis,
907 1406 1048 1452 multo
1063 1403 1361 1468 importunius
1388 1415 1428 1449 et
1450 1422 1527 1449 ve-

144 1472 391 1522 hementius
407 1477 681 1540 provocavit.

208 1545 262 1594 V.
290 1546 457 1593 Videtis
482 1548 586 1627 quia
607 1559 759 1594 contra
787 1565 943 1612 pacem
964 1547 1126 1592 Christi
1152 1546 1395 1593 violenter
1384 1564 1530 1592 msu1-

144 1616 266 1676 gitis3
292 1628 334 1664 et
372 1619 576 1696 patimini
612 1637 701 1665 non
736 1637 818 1683 pro
849 1620 975 1683 ipso,
1003 1618 1078 1664 sed
1109 1636 1191 1682 pro
1222 1618 1527 1681 ἱι]ἰ(Ιυίῑ;.ιὶὶ]>ης

142 1687 306 1734 Vestris„
326 1687 440 1744 Quae
463 1699 526 1734 est
545 1689 625 1734 ista
652 1689 893 1744 dementia,
926 1700 976 1735 ut
1005 1705 1104 1735 cum
1133 1687 1244 1734 male
1271 1688 1430 1742 vivitis,
1458 1688 1524 1732 Ιί-

143 1767 320 1804 tronum
341 1757 458 1804 facta
500 1759 692 1814 faciatis3
726 1771 768 1806 et
798 1777 898 1806 cum
925 1764 1023 1820 jure
1044 1758 1265 1822 punimini
1289 1795 1299 1814 ,
1343 1758 1522 1817 gloriam

142 1830 390 1891 Martyrum
412 1829 667 1892 requiratis?
691 1830 736 1876 Si
762 1847 862 1890 ergo
887 1847 964 1877 vos
988 1830 1157 1893 privata
1183 1839 1323 1876 vestra
1343 1827 1524 1873 audacia

142 1907 231 1944 tam
263 1899 474 1945 violenter
506 1900 658 1960 cogitis
691 1901 889 1946 homines
925 1910 999 1946 aut
1035 1900 1095 1946 ire
1130 1900 1175 1946 in
1208 1915 1422 1954 errorem,
1452 1910 1526 1944 aut

141 1985 393 2032 permanere
414 1969 459 2015 in
479 1987 649 2024 errore;
677 1981 843 2035 quanto
869 1971 1004 2030 magis
1027 1987 1106 2015 nos
1126 1969 1335 2016 debemus
1359 1986 1438 2031 per
1457 1986 1524 2014 or-

140 2038 431 2091 dinatissimas
455 2050 714 2104 potestates;
739 2058 847 2105 quas
869 2044 988 2086 Deus
1008 2039 1249 2085 secundum
1270 2055 1390 2084 suam
1413 2055 1520 2101 pro-

140 2108 336 2172 phetiam
361 2110 561 2156 subdidit
581 2111 773 2167 Christo,
801 2112 991 2157 resistcre
1014 2109 1236 2156 furoribus
1271 2108 1434 2162 vestris,
1476 2119 1525 2154 ut

140 2180 308 2225 miserae
331 2180 487 2226 animae
515 2180 568 2225 dc
593 2192 733 2227 vestra
752 2181 1049 2227 dominatione
1072 2181 1288 2235 liberatae,
1316 2189 1524 2224 eruantur

141 2247 195 2294 de
216 2250 505 2297 vetustissima
526 2250 711 2296 falsitate
731 2262 772 2296 et
790 2254 1089 2297 assuescantin
1114 2249 1383 2314 apertissima
1410 2252 1524 2294 veri-

141 2322 260 2366 tate?
289 2321 402 2366 Nam
442 2321 561 2384 quod
603 2339 624 2367 a
659 2322 786 2367 nobis
818 2322 1013 2368 nolentes
1054 2322 1199 2367 dicitis
1238 2320 1352 2380 cogi,
1395 2319 1520 2365 multi

138 2391 267 2436 etiam
287 2408 329 2436 se
343 2392 439 2451 cogi
455 2392 634 2446 volunt3
656 2393 775 2456 quod
799 2393 925 2438 nobis
943 2403 1064 2438 antea
1087 2404 1128 2438 ct
1142 2403 1291 2456 postea
1312 2392 1522 2438 confiten-

140 2471 229 2516 tur,
256 2471 306 2506 ut
322 2465 389 2507 vel
416 2461 478 2508 sic
504 2462 693 2508 evadant
712 2462 1010 2525 oppressiones
1039 2473 1211 2510 vestraS.

202 2530 278 2578 VI.
310 2531 366 2576 Et
385 2541 529 2577 tamen
546 2531 654 2595 quid
677 2543 739 2577 est
763 2532 932 2588 melius,
953 2532 1146 2595 proferre
1173 2550 1294 2579 veras
1319 2535 1518 2596 Impera-

138 2609 279 2648 torum
299 2601 511 2661 jussiones
535 2618 617 2666 pro
660 2602 841 2658 unitate,
878 2620 931 2648 an
969 2601 1096 2649 falsas
1120 2602 1409 2663 indulgentias
1438 2618 1518 2665 pro
