1902 3268
386 258 478 289 212
809 260 843 288 5.
888 257 1131 289 AUGUSTim
1166 258 1369 290 Ertscom

387 324 530 385 »Justi
553 323 726 371 eclent1.
751 346 772 366 ›>
807 323 890 370 Sed
911 335 1052 370 tamen
1078 324 1272 388 quisquis
1305 343 1352 370 ex
1377 327 1601 372 occasione
1629 325 1764 387 hujus

387 393 522 455 legis,
549 411 681 458 quam
717 411 834 454 reges
871 405 996 439 terrae
1030 395 1207 440 Christo
1242 396 1470 441 servientes
1489 433 1500 452 ,
1531 396 1584 443 ad
1615 413 1765 443 emen-

387 465 579 512 dandam
590 476 774 510 vestram
793 465 1056 526 impietatem
1073 467 1475 527 promulgaverunt,
1490 485 1552 513 res
1566 467 1765 532 proprias

386 546 545 581 vestras
569 534 730 598 cupide
752 536 938 598 appetit,
964 535 1166 598 displicet
1189 538 1329 584 nobis.
1357 538 1564 601 Quisquis
1577 539 1765 601 denique

383 605 501 668 ipsas
521 622 585 651 res
606 623 850 669 pauperum
870 643 880 659 ‚
906 606 971 651 vel
997 606 1198 652 basilicas
1224 609 1604 667 congregationum
1628 645 1638 663 ,
1661 625 1766 671 quas

385 675 469 721 sub
494 677 668 722 nomine
705 675 912 721 Ecclesiae
950 677 1161 721 tenebatis
1185 678 1316 739 (quae
1350 679 1528 723 omnino
1569 695 1655 723 non
1687 677 1767 723 de·-

384 746 546 792 bentur
569 747 647 792 nisi
673 747 708 792 ei
733 746 968 804 Ecclesiae,
1004 764 1104 810 qua:
1142 763 1238 792 vera
1266 748 1431 792 Christi
1457 748 1646 795 Ecclesia
1675 758 1764 804 est,

382 834 469 863 non
493 817 824 880 pet‘Justitiatii‚
855 818 923 862 sed
946 835 1023 881 per
1055 818 1279 862 avaritiam
1307 828 1448 873 tenet,
1471 818 1672 881 displicet
1692 835 1767 863 no·

382 887 466 934 bis.
505 888 713 951 Quisquis
734 905 816 951 pro
849 888 995 951 aliquo
1023 888 1188 947 flagitio
1219 887 1283 933 vel
1311 887 1502 933 facinore
1524 892 1769 951 projectum

382 976 407 1004 a
431 959 556 1004 vobis
574 960 632 1004 ita
657 959 867 1022 suscipit,
903 960 1015 1004 sicut
1039 958 1463 1022 stistripiuiitu1·(qui
1491 970 1669 1022 excepto
1698 976 1770 1005 er-

382 1045 480 1075 rore
509 1046 597 1092 quo
628 1047 651 1074 a
689 1029 815 1074 nobis
858 1029 1151 1092 separamini)
1190 1030 1279 1074 sine
1315 1030 1496 1074 crimine
1535 1030 1654 1092 apud
1695 1046 1771 1075 vos

379 1099 606 1153 vixerunt,
633 1099 836 1162 displicet
856 1100 1000 1144 nobis.
1030 1098 1111 1143 Set!
1142 1116 1218 1143 nec.
1245 1099 1371 1144 facile
1390 1100 1467 1145 ista
1490 1100 1735 1145 monstratis
1756 1137 1766 1156 ,

383 1178 425 1215 et
445 1168 479 1214 si
508 1170 749 1214 monstretis
774 1168 1007 1214 nonnullos
1044 1168 1273 1213 toleramus
1292 1205 1302 1220 ,
1331 1186 1441 1232 quos
1464 1171 1676 1230 corrigere
1704 1170 1772 1216 vel

384 1240 544 1303 punire
565 1257 652 1285 non
676 1256 905 1304 possumus
936 1256 946 1283 ε
990 1255 1129 1301 neque
1154 1250 1337 1301 propter
1366 1238 1535 1302 paleam
1560 1241 1772 1305 relinqui-

386 1327 483 1357 mus
505 1327 646 1356 aream
679 1310 876 1365 Domini,
905 1326 1045 1371 neque
1074 1320 1255 1371 propter
1286 1310 1422 1372 pisces
1448 1310 1580 1356 malos
1605 1312 1772 1376 rumpi-

387 1398 485 1428 mus
514 1383 617 1427 retia
643 1382 837 1435 Domini,
870 1398 1009 1444 neque
1031 1391 1208 1443 propter
1238 1380 1396 1426 hoedos
1427 1382 1472 1427 in
1509 1384 1594 1428 fine
1629 1400 1772 1444 segre-

389 1451 554 1512 gandos
580 1490 590 1507 ,
615 1452 852 1498 deserimus
877 1468 1044 1511 gregem
1074 1451 1249 1495 Domini
1271 1488 1282 1508 ,
1311 1469 1450 1514 neque
1473 1464 1655 1516 propter
1673 1471 1771 1501 vasa

389 1521 506 1568 facta
525 1523 570 1568 in
589 1522 897 1570 contumeliam
920 1558 929 1576 ,
961 1523 1198 1580 migramus
1215 1521 1267 1566 de
1289 1521 1419 1567 domo
1444 1524 1637 1571 Domini.

457 1594 534 1640 LI.
565 1595 634 1638 Tu
663 1604 823 1641 autem.
843 1592 975 1638 frater
993 1629 1002 1646 ,
1032 1603 1245 1654 quantum
1278 1593 1389 1637 mihi
1414 1594 1586 1640 videtur
1603 1631 1612 1647 ‚
1637 1595 1668 1640 si
1693 1612 1774 1642 va-

390 1680 494 1710 nam
531 1664 711 1723 gloriam
748 1664 978 1708 hominum
1000 1679 1089 1707 non
1126 1662 1353 1717 attendas,
1389 1673 1430 1708 et
1460 1664 1772 1711 insensatorum

395 1746 649 1781 contemnas
676 1734 965 1798 opprobrium
991 1771 1001 1787 ,
1031 1734 1107 1797 qui
1140 1733 1301 1779 dicturi
1327 1746 1454 1790 sunt,
1487 1753 1620 1799 quare
1645 1737 1775 1783 modo

396 1804 580 1851 destruis
618 1822 718 1869 quae
750 1806 873 1867 prius
911 1803 1190 1857 aedificabas3
1226 1804 1314 1850 sine
1343 1805 1479 1850 dubio
1519 1807 1693 1854 transies
1722 1807 1775 1854 ad

398 1875 667 1931 Ecclesiam,
706 1892 839 1939 quam
871 1892 1014 1919 veram
1041 1876 1197 1920 sentire
1220 1886 1256 1919 te
1279 1875 1498 1935 intelligo,
1535 1895 1613 1922 nec
1645 1877 1776 1938 hujus

400 1947 625 1992 sententiae
651 1957 740 1991 tuae
766 1945 1009 1990 testimonia
1028 1945 1153 2004 longe
1183 1956 1294 2007 peto.
1327 1947 1392 1990 'l‘u
1414 1947 1579 2010 quippe
1603 1948 1645 1993 in
1667 1953 1777 2008 cJ'us-

400 2015 500 2062 dem
529 2027 618 2061 tuae
641 2015 850 2078 Epistolae
878 2014 1099 2077 principio
1122 2052 1131 2069 ,
1163 2016 1232 2060 cui
1252 2032 1369 2061 nunc
1392 2018 1628 2079 respondeo
1644 2056 1653 2070 ,
1680 2020 1777 2065 haee

401 2088 535 2134 verba
556 2086 737 2150 posuisti
763 2103 774 2130 ι
800 2108 819 2126 c<
834 2086 945 2129 Cum
973 2085 1136 2147 optime
1155 2122 1164 2140 ,
1189 2085 1331 2148 inquis
1350 2123 1360 2140 ,
1383 2089 1573 2132 noverim
1600 2099 1637 2134 te
1654 2089 1779 2150 longe

404 2158 552 2205 adhuc
573 2176 593 2203 a
617 2157 702 2203 fide
726 2156 962 2202 christiana
996 2155 1256 2217 sepositum,
1286 2166 1327 2201 et
1360 2157 1512 2203 studiis
1534 2158 1636 2205 olim
1660 2160 1780 2207 dedi-

403 2240 497 2274 tum
530 2227 800 2281 litterarum,
838 2226 996 2289 quietis
1030 2235 1070 2270 et
1108 2226 1344 2271 honestatis
1375 2227 1502 2273 sitisse
1536 2230 1777 2285 cultor-cnm

399 2315 588 2362 cumque
621 2309 767 2361 postea
800 2312 1033 2343 conversus
1066 2295 1118 2341 ad
1153 2292 1434 2342 christianam
1463 2299 1591 2345 fidem
1627 2307 1709 2356 (ut
1733 2318 1781 2347 ex

404 2367 644 2414 multorum
670 2367 875 2412 relatione
912 2367 1126 2427 cognox‘i)
1166 2366 1539 2429 disputationibus
1571 2369 1782 2430 legalibus

406 2455 583 2502 operam
602 2437 739 2485 dares,
765 2458 785 2479 ›>
814 2438 940 2483 Certe
967 2439 1000 2482 si
1025 2447 1070 2481 tu
1096 2436 1150 2481 ad
1177 2454 1242 2481 me
1273 2436 1391 2482 illam
1429 2439 1668 2501 Epistolam
1694 2441 1782 2487 mi-

388 2509 493 2573 *sisti
509 2545 521 2565 ,
551 2508 650 2554 haec
670 2509 801 2554 verba
828 2518 901 2554 tua
926 2517 1043 2553 sunt.
1066 2511 1179 2554 Cum
1204 2524 1304 2567 ergo
1327 2507 1496 2555 fatearis
1520 2527 1587 2556 me
1604 2527 1782 2558 conver-

453 2592 463 2612 2
484 2589 578 2622 ἴτον.
597 2601 675 2627 xus,
695 2601 747 2621 22.
