1902 3268
343 312 435 364 382
765 328 800 359 s.
841 327 1087 360 aueusrmi
1122 326 1327 359 muscom

342 396 414 444 isti
436 395 592 442 dicunt
609 394 904 462 ,nutavitque
927 395 1136 441 sententia
1153 432 1164 451 ‚
1194 405 1242 440 ut
1261 392 1497 458 aliquando
1520 404 1722 440 naturam

343 466 582 533 quamdam
609 464 662 510 tle
688 481 774 527 qua
796 465 977 510 fluerent
1003 466 1212 525 imagines
1245 466 1384 511 Deum
1418 482 1504 511 esse
1527 464 1720 520 diceret,

344 539 421 602 qui
442 549 586 583 tamen
611 534 793 595 cogitari
816 551 904 580 non
927 545 1094 598 posset,
1112 535 1194 580 nisi
1210 553 1290 599 per
1306 552 1374 582 eas
1395 536 1600 597 imagines
1616 550 1724 598 quas

341 607 508 666 fundit,
536 624 586 653 ac
610 606 787 663 emittit,
807 604 853 652 id
877 616 938 652 est
956 623 1058 670 quae
1076 606 1131 652 de
1145 605 1218 652 illa
1238 617 1410 662 natura,
1432 624 1564 670 quam
1579 606 1723 652 nescio

342 695 473 743 quam
498 692 755 742 corpoream
779 687 820 722 et
844 679 1168 741 sempiternam,
1192 695 1240 723 ac
1258 678 1383 724 etiam
1402 694 1480 742 per
1493 678 1582 724 hoc
1606 677 1724 723 divi-

340 764 443 796 nam
478 759 637 814 putat,
674 748 796 812 quasi
834 749 1010 812 vaporis
1043 748 1328 795 similitudine
1363 749 1571 795 continua
1605 747 1724 794 velut

339 820 610 868 emanati0ne
628 819 864 880 ferrentur,
890 829 932 865 et
950 819 1147 866 venirent
1165 830 1300 883 atque
1325 819 1602 866 intrarentin
1626 817 1724 864 ani-

338 908 432 940 mos
455 902 642 946 nostrOS‚
664 901 713 936 ut
732 891 875 936 Deum
898 890 968 937 vel
996 891 1099 937 deos
1123 891 1315 951 cogitare
1340 907 1577 955 possemus.
1606 887 1724 935 Nul-

337 964 426 1010 lam
457 963 573 1010 enim
608 961 737 1007 aliam
771 977 947 1007 causam
986 962 1222 1024 cujuslibet
1258 961 1533 1022 cogitationis
1563 969 1724 1006 nostrae

339 1036 578 1099 opinantur
604 1032 705 1088 isti,
736 1031 819 1076 nisi
842 1048 943 1077 cum
968 1033 1024 1078 ab
1059 1033 1127 1079 his
1160 1034 1422 1097 corporibus
1438 1070 1449 1089 ,
1475 1048 1577 1096 quae
1601 1028 1724 1091 cogi-

338 1115 480 1151 tamus
498 1142 508 1161 ,
538 1103 720 1150 veniunt
747 1113 876 1166 atque
913 1102 1080 1149 intrant
1111 1104 1319 1164 imagines
1356 1104 1403 1150 in
1426 1104 1591 1149 animos
1618 1116 1722 1147 nos-

338 1186 427 1222 tros
454 1194 465 1222 :
493 1174 615 1239 quasi
638 1190 726 1219 non
756 1173 893 1219 multa
918 1190 968 1220 ac
997 1191 1138 1237 prope
1163 1174 1499 1220 innumerabilia
1523 1173 1722 1233 cogiten-

338 1256 411 1293 tur
429 1285 440 1305 ‚
464 1243 799 1309 incorporaliter
820 1255 949 1308 atque
971 1245 1304 1305 intelligibiliter
1329 1245 1384 1290 ab
1409 1245 1468 1290 eis
1486 1281 1497 1300 ,
1525 1244 1602 1307 qui
1623 1241 1724 1289 talia

338 1320 527 1379 cogitare
550 1327 765 1363 noverunt
785 1354 796 1371 ‚
827 1317 938 1362 sicut
962 1317 1057 1380 ipsa
1076 1317 1288 1380 sapientia
1313 1327 1355 1362 et
1377 1316 1549 1363 veritas.
1575 1314 1722 1371 Quam

337 1389 372 1436 si
391 1390 460 1436 isti
488 1406 579 1435 non
606 1387 802 1448 cogitant
821 1423 832 1443 ‚
873 1387 1011 1434 miror
1047 1388 1272 1452 quomodo
1307 1388 1361 1433 de
1382 1387 1457 1433 illa
1480 1396 1722 1448 utcumque

336 1459 588 1524 disputent:
609 1459 644 1504 si
667 1468 811 1504 autem
835 1458 1060 1518 cogitant,
1086 1458 1240 1505 vellem
1269 1459 1380 1504 mihi
1403 1458 1598 1504 dicerent
1619 1493 1631 1513 ,
1652 1453 1721 1501 vel

334 1530 389 1577 de
410 1548 499 1595 quo
524 1546 729 1593 corpore,
747 1528 818 1576 vel
836 1529 978 1593 qualis
995 1529 1041 1575 in
1056 1546 1205 1576 eorum
1227 1529 1393 1576 animos
1407 1529 1550 1577 veniat
1570 1529 1714 1587 imago

335 1613 540 1649 veritatis.

400 1673 611 1720 XXVIII.
644 1671 907 1734 Quanquam
938 1671 1214 1718 Democritus
1238 1672 1367 1718 etiam
1390 1672 1477 1718 hoc
1496 1670 1655 1717 distare
1673 1668 1720 1714 in

333 1744 608 1791 naturalibus
625 1741 946 1807 quaestionibus
972 1743 1029 1787 ab
1055 1743 1249 1806 Epicuro
1278 1742 1443 1788 dicitur
1459 1779 1469 1798 ,
1490 1740 1611 1806 quod
1640 1739 1720 1785 iste

331 1816 461 1863 sentit
490 1816 624 1862 inesse
656 1813 934 1860 concursioni
970 1824 1218 1860 atomorum
1243 1814 1332 1860 vim
1359 1812 1596 1878 quamdam
1621 1811 1719 1857 ani}-

335 1888 494 1934 malem
530 1898 572 1933 et
608 1884 899 1950 spirabilem:
943 1902 1032 1950 qua
1057 1886 1102 1932 vi
1137 1902 1234 1932 eum
1261 1885 1392 1931 credo
1437 1895 1480 1931 et
1512 1883 1718 1943 imagines

333 1959 448 2022 ipsas
468 1958 696 2004 divinitate
720 1955 929 2020 praeditas
955 1956 1100 2002 dicere
1121 1973 1210 2002 non
1239 1973 1388 2002 omnes
1420 1955 1616 2002 omnium
1644 1966 1717 1999 re·-

333 2046 457 2085 1'um,
489 2028 562 2074 sed
591 2028 773 2072 deorum
797 2062 808 2081 ‚
836 2037 878 2071 et
908 2027 1127 2090 principia
1158 2028 1312 2071 mentis
1348 2043 1434 2072 esse
1468 2023 1678 2070 universis
1700 2056 1712 2079 ,

332 2101 497 2164 quibus
521 2098 791 2144 divinitatem
818 2097 989 2151 tribuit,
1016 2108 1056 2141 ct
1084 2097 1321 2142 atrimantcs
1344 2096 1550 2156 imagines
1568 2131 1578 2151 ,
1614 2105 1716 2158 quae

331 2171 400 2215 vel
424 2170 626 2234 prodesse
651 2168 782 2214 nobis
802 2167 967 2213 soleant
985 2167 1052 2213 vel
1080 2185 1249 2214 nocere.
1277 2168 1496 2230 Epicurus
1515 2182 1616 2213 vero
1637 2180 1716 2209 ne-

334 2258 418 2304 que
450 2239 616 2304 aliquid
649 2240 693 2284 in
727 2239 958 2301 principiis
987 2255 1131 2283 rerum
1158 2239 1284 2301 pouit
1322 2249 1482 2302 praetcr
1517 2247 1678 2282 atomos
1698 2269 1710 2291 ,

333 2312 478 2368 idest,
506 2311 768 2375 corpuscula
795 2310 1001 2373 quaedam
1026 2321 1113 2354 tam
1147 2311 1314 2355 minuta
1338 2348 1348 2367 ‚
1385 2320 1432 2355 ut
1458 2313 1550 2369 jam
1575 2304 1713 2353 (lividi

331 2393 575 2447 nequeant,
601 2398 742 2445 neque
775 2381 954 2435 sentiri,
990 2391 1062 2425 aul
1089 2382 1181 2426 visu
1202 2419 1212 2436 ‚
1246 2392 1320 2426 aut
1354 2392 1471 2426 tactu
1511 2380 1708 2443 possint:

331 2468 518 2518 quorum
547 2451 911 2516 corpusculorum
949 2468 1166 2496 concursu
1205 2450 1385 2497 fortuito
1411 2488 1421 2506 ‚
1450 2461 1491 2496 et
1526 2448 1712 2494 mundos

329 2525 694 2579 innumerabiles‚
723 2534 763 2569 et
789 2523 1044 2577 animantia,
1063 2534 1104 2567 et
1127 2523 1240 2585 ipsas
1269 2523 1430 2568 animas
1456 2522 1549 2566 fieri
1574 2519 1706 2573 dicit,

329 2608 372 2644 et
400 2597 502 2643 cleos
530 2612 640 2659 quos
663 2595 861 2640 humana
893 2593 1033 2639 forma
1057 2611 1145 2639 non
1169 2594 1213 2639 iu
1237 2593 1383 2656 aliquo
1414 2591 1605 2644 mundo,
1634 2588 1709 2634 sed

325 2679 444 2716 extra
466 2668 683 2722 mundos,
719 2674 849 2728 atque
878 2665 992 2711 inter
1029 2663 1218 2711 mundos
1252 2663 1509 2710 constituit:
1545 2671 1588 2708 et
1618 2676 1708 2707 non
