1902 3268
361 277 452 333 462
770 289 804 319 s.
847 287 1095 319 Ancusrim
1128 288 1334 321 EP15COP1

363 357 518 413 sensio,
537 355 591 402 ad
612 354 945 402 Constantinum
968 355 1275 417 imperatorem
1295 372 1374 419 per
1390 355 1629 402 Anulinum
1647 373 1744 420 pro·

363 428 584 476 consulem
612 425 858 473 accusando
874 425 1099 479 miserunt,
1121 426 1239 489 quod
1258 427 1409 491 utique
1431 445 1520 473 non
1543 429 1600 474 ob
1622 427 1742 474 aliud

362 498 568 547 videntur
596 496 765 551 fecisse,
793 494 874 540 nisi
907 505 956 539 ut
977 494 1215 558 imperator
1248 497 1559 544 Constantinus
1589 508 1742 544 contra

362 568 523 633 eosqui
544 567 736 631 superati
754 576 907 622 essent,
935 565 992 611 eis
1013 567 1088 629 qui
1116 579 1406 630 superassent,
1425 568 1593 632 aliquid
1612 569 1741 629 regali

363 641 619 689 auctoritate
643 638 914 691 decerneret3
953 647 1174 701 totamque
1205 638 1346 702 ipsam
1385 656 1558 685 causam
1583 651 1744 702 potue—

363 722 483 770 runt,
507 711 576 775 (et
594 709 705 756 forte
734 708 930 755 fecerunt
949 708 1086 771 ipsius
1107 709 1349 756 collationis
1373 709 1647 773 necessitate)
1670 727 1744 756 ar-

363 784 503 832 chivis
526 781 720 846 publicis
747 780 1044 844 perscrutatiS‚
1089 780 1281 826 invenire
1307 781 1412 827 olim
1447 798 1533 827 esse
1551 781 1740 838 finitam,

364 866 464 921 post
481 853 766 900 ecclesiastica
779 850 966 911 J'udicia,
980 850 1143 914 quibus
1159 851 1383 898 absolutus
1397 863 1459 898 est
1470 852 1748 910 Caecilianus,
1789 916 1792 918 v

365 928 441 975 illo
459 926 587 972 etiam
615 921 1136 986 Imperatorejudicante,
1163 922 1218 968 ad
1243 927 1370 984 cujus
1384 938 1557 970 examen
1573 940 1663 969 rem
1681 933 1746 968 to-

365 1010 453 1046 tam
478 1007 520 1041 et
541 994 684 1059 primo
720 993 948 1048 miserunt,
978 1003 1020 1038 et
1043 1003 1191 1056 postea
1222 993 1532 1057 perduxerunt.
1564 993 1635 1039 Ibi
1665 1010 1746 1057 po-

367 1076 545 1117 tuerunt
569 1065 697 1111 etiam
734 1080 909 1109 causam
954 1063 1107 1109 Felicis
1155 1065 1447 1127 Aptungensis
1484 1063 1746 1110 ordinatoris

368 1136 613 1192 Caeciliani,
646 1152 776 1199 quem
805 1133 1019 1180 malorum
1054 1134 1249 1180 omnium
1271 1134 1437 1181 fontem
1460 1136 1506 1181 in
1524 1134 1744 1181 coneili01

364 1227 440 1258 suo
454 1209 664 1263 dixerant,
690 1215 973 1266 cognoscente
990 1204 1155 1250 AEliano
1170 1205 1433 1269 proconsule
1450 1222 1496 1251 ex
1520 1215 1746 1270 praecepto

365 1280 558 1343 ersdem
579 1277 859 1340 Imperatoris
886 1275 1077 1322 invenire
1101 1288 1351 1339 purgatam.

375 1408 378 1409 7
432 1352 484 1398 V.
514 1350 779 1411 Quanquam
806 1356 847 1392 et
881 1346 967 1392 hoc
1002 1347 1036 1392 si
1057 1347 1352 1403 attenderunt,
1380 1357 1439 1404 et,
1467 1346 1589 1411 quod
1621 1346 1747 1393 facile

365 1423 519 1477 fuerat,
539 1420 817 1467 adverterunt
830 1417 875 1463 in
891 1418 1128 1482 Scripturis
1146 1419 1304 1465 sanctis
1326 1418 1562 1465 Ecclesiam
1580 1417 1747 1464 Christi

367 1491 589 1558 permixtis
608 1489 797 1543 zizaniis,
821 1498 863 1533 et
881 1487 1024 1551 palea,
1043 1499 1083 1534 et
1093 1489 1289 1552 piscibus
1307 1489 1432 1535 malis
1449 1488 1645 1535 futuram
1661 1504 1746 1534 esse

368 1564 627 1629 promissam
651 1577 785 1624 usque
810 1559 863 1605 ad
888 1570 1059 1623 tempus
1096 1560 1259 1617 messis,
1283 1560 1592 1617 ventilationis,
1613 1570 1654 1606 et
1669 1559 1747 1605 lit-

365 1634 489 1690 toris,
513 1632 665 1695 utique
693 1631 882 1690 cogitare
909 1641 1166 1693 potuerunt,
1195 1632 1363 1677 etiarnsi
1385 1631 1543 1676 malam
1570 1629 1746 1676 causam

369 1703 632 1751 Caecilianus
651 1712 692 1747 et
717 1700 970 1764 coepiscopi
986 1704 1077 1761 ejus
1096 1701 1369 1758 habuissent,
1400 1701 1513 1747 nihil
1536 1718 1607 1746 eos
1624 1717 1746 1764 prae-

361 1774 563 1835 judicare
577 1772 768 1837 potuisse
793 1772 890 1817 orbi
913 1772 1181 1830 Christiano,
1204 1789 1335 1836 quem
1346 1774 1462 1818 Deus
1481 1772 1632 1836 paucis
1653 1788 1746 1817 cre·

367 1845 572 1892 dentibus
595 1854 715 1889 tanto
741 1853 835 1888 ante
861 1843 1078 1906 promisit,
1115 1854 1157 1890 et
1176 1861 1295 1890 nunc
1324 1843 1472 1889 multis
1496 1842 1747 1890 videntibus

367 1915 573 1962 reddidit.
601 1914 693 1959 lNisi
715 1913 825 1959 forte
861 1913 959 1976 plus
985 1925 1137 1960 contra
1172 1914 1409 1960 Ecclesiam
1439 1914 1578 1960 valuit
1611 1913 1745 1959 homo

366 2002 579 2050 peccans,
611 2000 745 2048 quam
769 2001 850 2047 pro
884 1983 1075 2030 Ecclesia
1108 1987 1226 2030 Deus
1250 1989 1420 2045 jurans,
1463 1995 1504 2031 et
1538 1984 1746 2047 iniquitas

368 2055 488 2120 quod
507 2055 666 2110 amisit,
698 2071 831 2117 quam
872 2055 1027 2100 veritas
1052 2054 1170 2118 quod
1203 2056 1416 2118 promisit.
1447 2055 1556 2101 Haec
1591 2054 1746 2100 sentire

368 2143 500 2191 quam
521 2125 769 2171 sitstultum
794 2125 1033 2188 etimpium
1052 2128 1144 2185 jam
1166 2125 1345 2171 fortasse
1367 2125 1563 2172 viderent
1589 2143 1599 2170 :
1621 2124 1745 2185 cogi-

367 2207 570 2253 taverunt
588 2212 764 2259 quoque
796 2195 1023 2241 damnatos
1056 2212 1078 2240 a
1110 2212 1151 2241 se
1187 2196 1520 2242 Maximianistas
1534 2195 1746 2242 Primiani

369 2267 643 2313 damnatores
660 2284 738 2330 per
761 2276 995 2329 potestates
1019 2276 1206 2312 terrenas
1221 2267 1352 2313 etiam
1384 2267 1438 2314 de
1453 2267 1643 2314 basilicis
1659 2283 1743 2312 cu—

365 2355 478 2395 rasse
495 2337 737 2401 pellendos,
765 2347 806 2381 et
825 2336 887 2381 ibi
907 2337 1064 2382 certius
1082 2337 1276 2401 exemplo
1300 2355 1376 2383 suo
1403 2339 1639 2384 recentiore
1668 2337 1741 2382 di-

365 2408 567 2454 dicerunt
585 2425 672 2453 non
693 2424 778 2453 esse
802 2417 1050 2470 peccatum,
1078 2408 1112 2453 si
1138 2408 1222 2454 tale
1239 2408 1407 2472 aliquid
1430 2409 1620 2455 Ecclesia
1638 2423 1743 2468 conf

365 2490 432 2525 tra
450 2479 632 2527 rebelles
655 2495 753 2525 suos
796 2479 852 2524 ab
878 2478 1134 2539 hujusmodi
1158 2480 1443 2543 potestatibus
1480 2478 1676 2544 postulat
1701 2488 1747 2524 et‘

362 2549 484 2615 quod
521 2549 688 2613 aliquos
717 2566 764 2595 ex
788 2548 1003 2596 damnatis
1027 2560 1176 2614 postea
1200 2560 1480 2615 receperunt,
1507 2566 1616 2614 quos
1640 2565 1746 2595 cum*

411 2632 423 2658 ¹
447 2632 689 2676 Carthaginensi
705 2643 757 2668 an.
776 2634 792 2665 3
802 2645 814 2665 ι
826 2645 837 2664 1
848 2658 855 2667 .
