1902 3268
391 353 483 413 [290
801 370 833 398 s,
878 369 1120 402 AUGUSTINI
1156 371 1358 403 EPISCOPI

525 532 885 543 ,wsss==x==*====»=
900 534 904 537 ⁴
917 532 1011 542 ===v<
1033 532 1507 550 .v=u.u===xaessts==vv==.mx
1518 538 1568 548 §aa
1579 539 1630 548 nav
1644 538 1743 549 „a”

812 647 1075 691 EPISTOLA
1109 648 1311 698 CXXXII
1331 649 1360 691 ¹.

374 774 546 813 Domino
569 773 713 812 illustri
736 781 774 811 et
795 775 938 811 merito
966 776 1289 824 praestantissimo
1318 775 1401 814 filio
1431 776 1651 816 VOLusuNo
1681 781 1760 829 (61)

834 836 1080 874 Anousrmus
1101 838 1315 888 episcopus.

383 971 659 1028 Augustinus
705 970 969 1020 Volusiano,
1021 971 1254 1013 exhortans
1292 973 1419 1015 illum
1461 989 1488 1014 u
1523 988 1752 1015 saerarwm

436 1038 773 1095 Sem'pcurarum
803 1039 977 1079 lectioni
1004 1048 1144 1086 vacet,
1170 1040 1337 1095 sibique
1358 1041 1570 1083 rescribat
1592 1043 1630 1083 .ςί
1651 1042 1758 1097 quid

435 1107 484 1145 in
505 1107 564 1146 eis
590 1105 868 1162 difficultatis
893 1106 1052 1164 legonti
1074 1108 1327 1147 occurrerit.

440 1249 505 1294 DE
540 1248 676 1294 salute
702 1259 794 1303 tua,
823 1264 957 1311 quam
980 1258 1022 1293 et
1051 1249 1093 1294 in
1123 1249 1208 1294 hoc
1243 1249 1420 1305 saeculo,
1448 1253 1489 1294 et
1508 1249 1552 1294 in
1574 1251 1751 1297 Christo

378 1337 463 1365 esse
480 1320 630 1382 cupio,
652 1329 810 1364 sanctae
827 1319 973 1364 matris
992 1329 1079 1364 tuae
1097 1320 1206 1365 votis
1225 1335 1318 1365 sum
1332 1319 1510 1365 fortasse
1526 1322 1653 1367 etiam
1670 1325 1760 1385 ‘lpse

375 1407 461 1435 non
485 1391 641 1452 impar.
676 1389 800 1434 Unde
828 1389 989 1434 meritis
1012 1389 1096 1434 tuis
1123 1389 1304 1435 reddens
1338 1390 1609 1436 salutationis
1630 1391 1760 1437 obse-

374 1461 544 1524 quium,
570 1459 722 1504 hortor
746 1470 792 1504 ut
812 1459 947 1517 valeo,
978 1469 1025 1504 ut
1048 1459 1286 1505 litterarum
1310 1478 1406 1506 vere
1423 1471 1624 1524 certeque
1638 1479 1759 1508 sanc-

377 1542 516 1575 tarum
540 1529 682 1575 studio
709 1540 747 1575 te
783 1546 932 1575 curam
970 1546 1056 1575 non
1094 1532 1238 1593 pigeat
1277 1530 1541 1593 impendere.
1582 1531 1759 1577 Sincera

374 1602 487 1646 enim
513 1612 554 1645 et
571 1599 706 1645 solida
733 1617 797 1644 res
817 1610 895 1654 est,
925 1617 1002 1645 uec
1023 1599 1179 1645 fucatis
1206 1601 1388 1663 eloquiis
1413 1601 1552 1646 ambit
1576 1601 1630 1646 ad
1657 1603 1758 1647 ani-

370 1689 509 1727 mum,
539 1688 618 1716 nec
645 1670 732 1716 ullo
753 1671 914 1730 linguae
945 1671 1126 1715 tectorio
1147 1671 1274 1716 inane
1294 1671 1460 1734 aliquid
1499 1688 1548 1716 ac
1573 1672 1756 1733 pendu-

367 1743 456 1788 lum
480 1742 678 1805 crepitat.
712 1741 905 1786 Multum
942 1738 1102 1792 movet,
1121 1758 1208 1785 non
1229 1741 1480 1797 verborum,
1509 1741 1582 1786 sed
1605 1756 1751 1787 rerum

369 1813 543 1858 avidum
569 1830 579 1857 ι
607 1823 647 1858 et
673 1811 858 1857 multum
887 1821 1040 1865 terret,
1075 1811 1244 1856 factura
1269 1827 1482 1858 securum.
1515 1812 1746 1875 Praecipue

375 1883 683 1948 Apostolorum
720 1881 888 1942 linguas
933 1882 1137 1927 exhortor
1157 1893 1204 1927 ut
1242 1882 1373 1941 lega5‚
1400 1899 1446 1927 ex
1471 1881 1538 1927 his
1554 1882 1668 1927 enim
1694 1881 1747 1926 ad

370 1953 693 2014 cognoscendos
714 1952 959 2016 Prophetas
982 1952 1251 2005 excitaberis,
1280 1968 1469 2014 quorum
1503 1951 1756 1997 testimoniis

372 2036 556 2071 utuntur
590 2024 802 2088 Apostoli.
841 2024 885 2069 Si
906 2024 1013 2087 quid
1035 2035 1176 2069 autem
1203 2023 1268 2068 vel
1290 2039 1389 2067 cum
1414 2022 1533 2082 legis,
1566 2023 1632 2068 vel
1654 2039 1753 2068 cum

370 2096 532 2155 cogitas
557 2095 638 2140 tibi
660 2095 799 2140 oritur
821 2094 1088 2157 quaestionis,
1115 2094 1159 2138 in
1187 2109 1277 2156 quo
1299 2092 1576 2138 dissolvendo
1605 2092 1756 2139 videar

372 2166 650 2220 necessarius,
669 2165 809 2210 scribe
824 2177 872 2210 ut
886 2165 1135 2210 rescribam.
1159 2164 1294 2223 Magis
1308 2163 1421 2208 enim
1442 2163 1529 2208 hoc
1547 2162 1657 2208 forte
1672 2163 1756 2207 Do-

370 2237 489 2282 mino
515 2237 749 2296 adjuvante
768 2246 936 2299 potero,
965 2252 1096 2298 quam
1116 2252 1303 2297 praesens
1329 2234 1430 2279 talia
1453 2233 1572 2297 loqui
1589 2244 1751 2289 tecum,

370 2325 455 2352 non
477 2307 614 2352 solum
649 2318 831 2370 propter
873 2306 1183 2368 occupationes
1208 2305 1347 2350 varias
1365 2316 1406 2349 et
1439 2321 1553 2349 meas
1574 2315 1615 2349 et
1639 2314 1751 2358 tuas,

372 2378 612 2440 (quoniam
629 2395 715 2423 non
737 2395 837 2423 cum
861 2377 1132 2431 n1ihi·vacat‚
1155 2375 1408 2421 occurritut
1429 2386 1470 2420 et
1496 2375 1575 2419 tibi
1601 2375 1749 2435 vacet)

371 2448 671 2502 verumetiam,
692 2458 873 2510 propter
909 2464 1057 2493 eorum
1086 2450 1321 2492 irruentem
1348 2445 1646 2508 praesentiam,
1676 2444 1753 2507 qui

367 2517 629 2581 plerumque
662 2536 748 2564 non
774 2530 874 2564 sunt
901 2519 989 2582 apti
1018 2519 1091 2564 tali
1129 2518 1318 2577 negoti0‚
1352 2517 1571 2579 magisque
1592 2516 1753 2574 linguae

418 2618 533 2649 ¹Aliaz
554 2630 575 2649 1.
604 2630 673 2660 quw
707 2626 809 2651 autem
844 2622 904 2650 132
936 2626 1025 2656 erat,
1056 2630 1140 2650 nune
1175 2619 1248 2649 166.
1266 2636 1307 2642 —
1327 2616 1450 2659 Scripta
1477 2616 1558 2647 circa
1586 2615 1746 2647 ineuntem

372 2685 421 2706 an.
444 2681 456 2710 f.
473 2685 520 2705 ι’).
