1902 3268
712 263 923 294 EplsTOLA
958 264 1046 295 ειν.
1491 254 1583 316 293

212 341 420 395 tanquam
451 349 499 377 ex
532 330 797 395 prophetico
834 331 1024 377 carmine
1052 348 1096 377 se
1131 332 1342 396 accepisse
1369 334 1584 381 confessus

203 413 266 449 est
290 419 303 448 ε

418 513 464 544 Te
477 510 557 543 duce
570 535 577 549 ‚
595 510 620 542 si
637 522 698 553 qua
717 518 846 543 manent
866 512 991 544 sceleris
1014 512 1139 553 vestigia
1158 513 1281 555 nostri,

411 569 505 600 Irrita
526 574 678 610 perpetua
695 568 817 599 solvent
835 568 1002 599 formidine
1020 574 1118 599 terras
1130 572 1152 599 ¹.

198 666 296 713 Hoc
332 665 447 712 enim
480 666 617 721 duce,
647 666 797 712 solutis
833 667 1036 711 omnibus
1069 666 1338 732 dimissisque
1363 670 1575 731 peccatis,

195 736 280 782 hac
308 737 377 783 via
400 736 455 783 ad
491 737 710 783 coelestem
740 737 928 799 patriam
953 738 1222 800 pervenitur,
1254 743 1324 800 cuj
1336 757 1380 784 us
1405 739 1580 784 habita-

194 807 311 854 tione
334 825 435 855 cum
455 825 549 854 eam
571 808 651 854 tibi
671 807 903 853 amandam
919 844 928 860 ,
951 818 1164 871 quantum
1178 810 1329 873 potui‚
1358 826 1578 856 commen-

192 877 368 935 darem,
395 877 634 924 admodum
661 877 900 923 delectatus
924 895 979 924 es.

256 949 361 995 XII.
393 948 479 994 Sed
500 948 602 1012 quia
628 947 794 1003 dixisti,
824 947 944 1011 quod
968 965 1116 994 omnes
1133 967 1228 996 eam
1245 949 1383 1009 legem
1401 949 1580 997 diversis

191 1017 272 1064 viis
293 1028 334 1064 et
357 1018 608 1064 tramitibus
632 1028 869 1081 appetant;
901 1034 1052 1064 vereor
1075 1037 1129 1065 ne
1153 1019 1262 1066 forte
1282 1057 1294 1076 ,
1322 1037 1425 1066 cum
1449 1031 1579 1084 putas

187 1088 318 1134 etiam
333 1088 452 1134 illam
473 1088 589 1135 viam
606 1126 616 1144 ‚
643 1089 688 1134 in
707 1105 792 1152 qua
811 1105 929 1134 nunc
948 1090 1208 1137 constitutus
1228 1108 1288 1147 es,
1310 1107 1360 1137 eo
1379 1090 1572 1146 tendere,

185 1159 354 1222 pigrior
378 1160 432 1205 sis
470 1159 524 1205 ad
545 1177 636 1205 eam
669 1160 901 1206 tenendam
926 1196 938 1216 ,
977 1177 1078 1224 quae
1105 1161 1212 1207 illuc
1240 1161 1328 1207 sola
1349 1161 1572 1225 perducit.

188 1229 273 1275 Sed
301 1247 448 1276 rursus
474 1230 659 1276 verbum
685 1230 803 1294 quod
834 1231 1017 1293 posuisti
1052 1231 1280 1292 diligenter
1316 1231 1540 1278 attendens
1561 1268 1573 1288 ,

189 1300 340 1346 videor
369 1301 478 1347 mihi
501 1311 618 1346 tuam
640 1318 726 1347 non
752 1301 1058 1365 imprudenter
1084 1303 1251 1366 aperire
1279 1303 1569 1350 sententiam:

191 1388 331 1434 neque
354 1372 467 1417 enim
501 1371 673 1427 dixisti,
708 1388 841 1434 quam
881 1389 1028 1417 omnes
1068 1372 1180 1433 leges
1213 1373 1390 1419 diversis
1420 1372 1502 1419 viis
1533 1382 1576 1419 et

183 1441 435 1487 tramitibus
459 1452 771 1505 assequuntur,
813 1453 889 1488 aut
922 1441 1187 1499 ostendunt,
1214 1454 1289 1489 aut
1312 1442 1570 1498 inveniunt,

181 1521 258 1557 aut
285 1511 593 1572 ingrediuntur
615 1548 627 1568 ,
661 1523 736 1557 aut
759 1512 991 1569 obtinent,
1031 1523 1104 1559 aut
1130 1513 1298 1577 aliquid
1323 1512 1566 1573 ejusmodi,

181 1581 256 1629 sed
279 1582 492 1639 dicendo,
529 1584 863 1646 «Appetunt‚»
899 1583 1061 1630 librato
1101 1584 1236 1630 verbo
1259 1621 1269 1640 ,
1308 1595 1436 1646 atque
1462 1600 1570 1647 per-

176 1670 311 1717 penso
330 1691 341 1711 ,
367 1671 457 1700 non
483 1653 758 1717 adeptionem
781 1655 1058 1715 significasti,
1090 1656 1162 1701 sed
1187 1655 1461 1719 adipiscendi
1481 1671 1566 1701 cu-

176 1724 421 1788 piditatem.
467 1726 533 1770 Ita
558 1742 637 1771 nec
661 1724 806 1773 illam.
833 1741 933 1788 quae
957 1742 1056 1771 vera
1081 1736 1167 1782 est,
1203 1725 1451 1773 exclusisti.
1481 1741 1563 1770 nec

176 1793 297 1852 alias,
328 1812 428 1859 quae
449 1794 570 1841 falsae
591 1805 720 1851 sunt,
743 1794 976 1840 admisisti:
1001 1806 1042 1841 et
1062 1795 1137 1841 illa
1162 1797 1330 1860 quippe
1359 1795 1557 1859 appetit,

173 1882 275 1930 quae
294 1865 526 1929 perducit,
550 1883 631 1912 nec
652 1865 858 1929 perducit
879 1903 890 1923 ,
920 1867 1060 1912 omnis
1077 1904 1087 1923 ,
1116 1883 1218 1930 quae
1245 1867 1332 1912 hoc
1356 1866 1524 1929 appetit
1548 1885 1560 1920 ;

173 1953 262 2000 quo
287 1938 483 2001 quisquis
496 1937 776 2001 perducitur,
797 1938 887 1983 sine
908 1937 995 1983 ulla
1009 1937 1286 1984 dubitatione
1306 1938 1459 1983 beatus
1476 1947 1553 1984 est.

173 2008 295 2053 Beati
316 2019 461 2054 autem
488 2025 637 2054 omnes
668 2025 755 2054 esse
787 2007 1012 2063 volumUS‚
1033 2007 1122 2054 hoc
1146 2018 1236 2064 est,
1275 2007 1525 2071 appetimus
1544 2044 1556 2064 ,

173 2094 253 2124 nec
271 2088 415 2124 tamen
434 2095 584 2124 omnes
609 2079 688 2142 qui
708 2078 913 2125 volumus
936 2095 1186 2142 possumus,
1212 2078 1300 2124 hoc
1318 2087 1409 2134 est,
1435 2076 1558 2141 quod

171 2148 292 2212 quod
317 2149 585 2212 appetimus,
609 2148 910 2212 adipiscimur.
939 2149 1018 2195 Ille
1039 2165 1140 2209 eigo
1167 2148 1450 2212 adipiscitur,
1482 2147 1562 2211 qui

170 2218 289 2265 viam
317 2229 465 2276 tenet,
495 2236 585 2265 non
615 2219 756 2266 solum
786 2237 874 2283 qua
911 2219 957 2266 id
984 2219 1180 2283 appetit,
1212 2218 1286 2265 sed
1308 2235 1396 2282 qua
1425 2218 1556 2264 etiam

169 2289 454 2352 pervenitur,
481 2290 729 2354 relinquens
754 2290 890 2336 alios
879 2308 924 2336 in
941 2290 1173 2337 itineribus
1191 2288 1444 2353 {ppetendi,
1468 2288 1559 2333 sine

169 2360 257 2406 fine
282 2359 570 2424 adipiscendi.
609 2361 829 2419 Quoniam
854 2379 935 2408 nec
959 2379 1077 2408 error
1096 2371 1202 2406 esset
1221 2360 1252 2406 si
1277 2359 1391 2405 nihil
1413 2375 1555 2422 appe-

171 2440 364 2486 teretur,
390 2448 470 2478 nec
496 2431 530 2477 si
557 2432 753 2497 appetita
774 2434 928 2480 veritas
953 2441 1182 2479 teneretur.
1210 2431 1257 2476 Si
1283 2446 1384 2477 vero
1404 2428 1554 2476 diver-

179 2519 246 2550 sas
271 2502 361 2550 vias
386 2505 445 2549 ita
478 2501 652 2562 dixisti,
685 2515 734 2553 ut
757 2522 845 2553 non
875 2503 1165 2568 intelligamus
1188 2501 1387 2551 adversas
1402 2538 1414 2561 ,
1442 2500 1554 2548 sicut

213 2602 337 2648 ¹Virg.
356 2605 466 2649 Eglog.
480 2618 527 2649 ιν,
549 2608 601 2647 13,
622 2612 673 2644 14.
