1902 3268
645 238 856 274 m’xsrom
893 242 1023 275 xem.
1096 248 1099 251 ·
1431 246 1520 295 ¹97

147 329 168 353 >³
186 326 287 374 quae
312 309 446 356 habet
465 310 607 355 virum
641 325 651 354 ε
700 330 719 350 ›>
748 309 798 353 Et
823 344 834 362 ‚
865 329 885 349 «
906 308 1033 354 Multi
1056 308 1111 354 ab
1133 309 1310 355 Oriente
1331 319 1373 355 et
1393 311 1526 358 Occi-

147 402 167 423 »
189 381 316 427 (lente
334 382 530 434 venient,
558 391 599 425 et
621 379 877 425 recumbent
896 397 995 424 cum
1023 379 1244 425 Abraham
1268 417 1278 435 ,
1304 381 1423 426 Isaac
1442 417 1453 435 ‚
1481 391 1524 427 ct

143 471 163 494 n
179 452 317 498 Jacob
347 451 388 498 in
416 468 546 511 regno
565 450 776 495 coelorum
797 448 813 478 ‘¹
839 467 849 494 ε
874 476 890 490 υ
913 461 955 495 et
974 451 1076 513 quia
1097 450 1273 496 exhibet
1293 450 1376 495 sibi
1406 452 1523 496 Deus

141 521 358 585 populum
380 521 677 568 abrindantcm
707 520 1006 566 aeniulauousm
1030 522 1248 566 bonorum
1274 522 1517 585 operum2:

141 602 182 637 et
200 592 338 638 multa
363 592 515 644 millia,
546 608 645 655 quae
670 608 893 636 numerare
913 608 1035 635 nemo
1060 602 1225 654 potest.
1256 591 1457 637 videntur
1476 594 1522 637 in

140 663 409 727 Apocalypsi
432 700 442 718 ‚
470 680 516 708 ex
549 662 666 707 omni
702 662 818 707 tribu
839 662 1044 721 etlingua
1070 662 1113 706 in
1148 661 1266 707 stolis
1290 662 1400 707 albis
1418 662 1521 725 pal-

138 734 304 797 misque
322 733 577 779 victricibus
602 733 633 780 3.
657 734 754 796 ipsa
776 743 837 778 est
861 749 961 796 quw,
987 732 1222 796 aliquando
1239 733 1517 789 obscuratur,

136 814 179 849 et
211 817 421 868 tanquam
461 804 751 850 obnubilatur
793 802 1073 848 multitudine
1106 802 1447 849 scandalorum‘*
1467 824 1520 859 ‚n

136 874 313 938 quando
334 886 583 939 peccatores
606 874 842 920 intendunt
863 891 1010 920 areum
1034 911 1042 930 ‚
1080 885 1125 920 ut
1147 876 1350 934 sagittent
1371 873 1415 920 in
1437 875 1518 920 ob-

135 962 257 992 scura
283 946 384 992 luna
410 958 549 992 rectos
584 946 728 993 corde.
775 946 857 992 Sed
884 947 1010 991 etiarn
1043 956 1151 991 tunc.
1178 946 1220 991 in
1251 946 1336 991 suis
1357 946 1520 992 firmis-

133 1015 250 1061 simis
287 1016 460 1063 cminet.
493 1017 548 1061 Et
563 1016 596 1061 si
613 1015 756 1078 aliqua
776 1016 819 1061 in
843 1016 909 1060 his
930 1016 1072 1061 verbis
1089 1016 1248 1061 divinis
1260 1015 1520 1062 distributio

131 1083 328 1131 facienda
351 1097 412 1131 est
430 1123 440 1141 ,
478 1085 657 1131 fortasse
685 1104 775 1131 non
801 1085 959 1131 frustra
985 1085 1152 1131 dictum
1180 1087 1234 1131 sit
1271 1086 1324 1131 cle
1360 1088 1522 1132 semine

133 1155 348 1211 Abrahae,
377 1177 397 1197 «
421 1156 545 1201 Sicut
569 1156 701 1201 stella}
721 1156 820 1201 coeli
837 1193 847 1207 ,
875 1166 916 1201 et
940 1156 1054 1200 sicut
1083 1173 1228 1211 arena,
1256 1173 1358 1220 quae
1377 1167 1439 1202 est
1463 1157 1520 1203 ad

132 1243 286 1272 »oram
314 1227 471 1272 maris5
497 1244 507 1271 :
533 1249 550 1268 »
579 1238 624 1272 ut
651 1228 693 1272 in
715 1227 847 1272 stellis
873 1226 973 1272 coeli
1002 1227 1245 1289 pauciores,
1269 1227 1481 1273 firmiores
1500 1264 1514 1284 ,

130 1295 416 1361 clarioresque
446 1297 746 1356 intelligantur
769 1319 779 1352 ;
807 1298 849 1343 in
877 1315 1004 1342 arena
1035 1308 1176 1342 autem
1211 1298 1417 1343 maritimi
1440 1298 1519 1344 lit-

130 1367 232 1412 toris
249 1385 401 1427 magna
422 1367 657 1414 multitudo
679 1369 950 1414 infirmorum
976 1379 1104 1432 atque
1119 1368 1362 1413 carnalium
1383 1389 1394 1422 ;
1415 1385 1516 1432 quae

129 1438 365 1502 aluluando
393 1439 710 1503 tranquillitate
735 1440 944 1503 temporis
973 1442 1118 1504 quieta
1141 1450 1182 1485 et
1204 1438 1343 1485 libera
1369 1457 1512 1504 appa-

129 1519 212 1565 ret,
232 1509 470 1573 aliquando
495 1521 638 1556 autem
656 1510 999 1556 ,tribulationum
1020 1520 1062 1556 et
1083 1509 1367 1556 tentationum
1395 1510 1511 1556 flue-

127 1579 244 1625 tibus
261 1581 457 1643 operitur
480 1591 610 1644 atque
631 1582 848 1627 turbatur.

192 1651 356 1698 XXXI.
383 1651 487 1696 Tale
523 1662 627 1696 tunc
647 1661 737 1696 erat
762 1662 955 1713 tempus,
985 1649 1038 1695 de
1059 1666 1147 1714 quo
1178 1649 1352 1714 scripsit
1376 1650 1507 1697 Hila-

126 1721 214 1767 rius
240 1721 370 1784 (30),
398 1722 515 1768 unde
552 1725 715 1785 putasti
748 1722 1046 1767 insidiandum
1073 1731 1226 1766 eontra
1258 1722 1506 1769 testimonia

125 1801 188 1836 tot
209 1791 379 1845 divina,
403 1803 611 1856 tanquam
642 1793 820 1855 perierit
846 1792 1036 1838 Ecclesia
1058 1791 1111 1837 de
1141 1792 1247 1837 orbe
1269 1802 1500 1843 terrarum.

123 1862 250 1908 Potes
275 1862 361 1908 hoc
387 1863 519 1908 modo
551 1863 719 1919 dicere,
760 1880 838 1908 nec
863 1874 927 1909 tot
949 1862 1148 1908 ecclesias
1185 1862 1371 1908 Galatiae
1396 1873 1503 1910 tunc

122 1932 273 1989 fuisse,
298 1933 477 1997 quando
507 1933 683 1979 dicebat
720 1933 977 1997 Apostolus,
1016 1955 1036 1975 α
1061 1933 1100 1978 Ο
1137 1933 1257 1978 stulti
1295 1933 1466 1980 Galatae
1488 1971 1500 1987 ‚

123 2003 252 2067 »quis
265 2020 340 2049 vos
358 2004 600 2059 fascinavit,
614 2015 662 2049 ut
678 2021 777 2050 cum
798 2004 953 2069 spiritu
975 2003 1215 2067 coeperitis,
1238 2020 1356 2050 nunc
1371 2022 1502 2050 carne

121 2075 521 2120 »consummemini
540 2076 558 2104 ⁶
577 2078 594 2121 Ρ
613 2099 630 2117 »
662 2076 734 2121 Sic
767 2077 879 2121 enim
909 2075 1191 2121 calumniaris
1210 2074 1342 2121 docto
1377 2076 1498 2133 viro,

119 2144 195 2207 qui
217 2143 482 2190 tardicordes
499 2156 539 2190 et
560 2146 734 2191 timidos
754 2147 942 2205 graviter
966 2145 1250 2209 increpabat,
1285 2162 1396 2208 quos
1416 2146 1501 2191 ite-

119 2231 214 2260 rum
234 2215 537 2278 parturiebat,
566 2216 705 2262 donec
731 2218 933 2263 Christus
956 2216 1215 2262 formaretur
1237 2215 1282 2260 in
1300 2216 1372 2261 eis.
1393 2216 1504 2272 Quis

117 2285 232 2330 enim
262 2286 397 2331 nescit
430 2285 504 2332 illo
535 2297 731 2351 tempore
772 2288 970 2334 obscuris
996 2287 1140 2333 verbis
1175 2285 1333 2331 multos
1369 2287 1498 2349 parvi

117 2371 264 2401 sensus
285 2355 414 2402 fuisse
434 2355 604 2403 delusos
622 2393 633 2413 ‚
665 2368 713 2403 ut
739 2368 946 2421 putarent
969 2357 1055 2403 hoc
1073 2355 1192 2402 credi
1211 2356 1268 2402 ab
1295 2355 1464 2403 Arianis
1486 2393 1499 2414 ,

116 2427 236 2493 quod
268 2427 396 2474 etiam
420 2428 505 2492 ipsi
525 2428 764 2476 credebant
791 2447 804 2475 ε
831 2429 941 2476 alios
966 2440 1115 2476 autem
1148 2429 1303 2475 timore
1319 2428 1502 2475 cessisse

142 2515 144 2517 Ι
164 2525 395 2563 ¹Mauh.v111‚
419 2525 642 2561 11.-2Tit.
664 2538 700 2565 11,
720 2533 775 2565 14.
796 2544 840 2553 —
856 2525 871 2552 ³
890 2531 988 2572 Apoc.
1009 2539 1066 2564 tn.
1086 2541 1187 2571 9η-
1217 2524 1232 2550 ⁴
1250 2526 1327 2560 Psal.
1343 2537 1373 2565 x,
1404 2538 1436 2564 ο.
1452 2544 1496 2554 -ω

115 2579 224 2616 ⁵Gen.
243 2593 325 2625 xxii,
355 2593 405 2623 ¹7.
419 2598 463 2607 .-
480 2579 495 2605 ⁶
516 2582 620 2616 Galat.
635 2594 686 2622 m.
706 2595 733 2616 ι,
