1902 3268
623 323 834 353 EPISTOI,A
870 324 1018 354 cxxrv.
1418 316 1514 378 429

135 387 414 442 constitutos,
448 398 535 433 tam
557 386 610 433 de
628 386 867 450 longinquo
887 388 1052 434 visendi
1079 405 1154 434 nos
1179 391 1316 450 gratia
1334 393 1515 438 venien-

138 468 224 512 tes,
244 474 333 504 non
357 457 500 504 dleam
533 474 736 522 pergere,
761 457 834 503 sed
864 457 1011 505 volare
1044 475 1133 504 non
1156 460 1296 523 potui.
1336 462 1390 507 Et
1410 462 1517 510 sorte

135 529 341 574 sanctitas
373 540 514 575 vestra
549 527 744 574 eamdem
781 528 1028 592 hyemalem
1061 531 1335 594 asperitatem
1369 550 1516 596 poenae

135 614 244 645 meae
267 609 436 646 tantum
455 616 629 646 causam
654 600 887 663 putaverit.
921 600 1075 657 Absit,
1107 600 1363 649 charissimi.
1393 603 1514 660 Quid

135 669 249 714 enim
277 686 403 729 grave
433 687 482 716 ac
508 668 762 724 molestum,
792 668 860 714 vel
884 669 1009 714 etiam
1037 670 1327 732 periculosum
1348 671 1515 718 habent

135 737 299 789 imbres
321 739 414 796 isti,
432 738 552 803 quod
570 756 658 785 non
677 738 786 784 mihi
806 739 1085 784 subeundum
1106 757 1156 785 ac
1170 740 1394 786 ferendum
1414 741 1513 797 fuit,

137 818 187 854 ut
210 808 266 854 ad
293 826 368 856 vos
391 810 581 857 venirem
598 846 610 866 ‚
639 819 758 855 tanta
783 808 827 854 in
856 809 983 854 tantis
1011 808 1135 854 malis
1159 812 1316 856 nostris
1339 811 1487 858 solatia
1503 849 1514 868 ,

136 878 183 924 in
216 878 302 925 hac
338 880 612 941 generatione
639 889 831 925 tortuosa
867 895 918 924 ac
945 896 1171 942 perversa,
1201 891 1289 926 tam
1317 880 1519 928 ardenter

138 967 316 997 accensa
349 951 403 996 de
435 967 603 996 summo
627 948 789 995 lumine
812 948 975 995 lumina
1004 988 1013 1004 ,
1050 963 1248 1015 suscepta
1274 951 1520 999 humilitate

138 1018 343 1066 sublimia
362 1057 374 1076 ,
410 1030 454 1065 et
476 1030 730 1084 contempta
752 1019 945 1065 claritate
976 1020 1159 1067 clariora
1180 1025 1198 1067 .3
1226 1022 1364 1068 Simul
1389 1024 1518 1069 etiam

137 1091 304 1137 fruerer
320 1090 504 1137 carnalis
520 1090 674 1155 patriae
695 1108 801 1136 meae
822 1101 906 1136 tam
934 1090 1148 1154 spirituali
1168 1091 1371 1139 felicitate
1387 1131 1396 1141 .
1419 1110 1519 1157 quae

138 1177 214 1208 vos
246 1161 374 1208 etiam
396 1172 631 1225 praesentes
657 1161 821 1208 habere
841 1161 1029 1208 meruit:
1058 1161 1111 1207 (le
1135 1162 1302 1224 quibus
1327 1163 1520 1209 absenti-

138 1230 223 1277 bus
239 1268 251 1289 ,
278 1248 378 1278 cum
402 1231 448 1278 id
474 1231 593 1296 quod
615 1232 706 1277 nati
726 1232 822 1278 estis
838 1269 849 1289 ,
870 1242 912 1277 et
930 1230 1048 1295 quod
1069 1233 1204 1291 gratia
1230 1232 1396 1278 Christi
1414 1234 1519 1279 facti

139 1302 262 1356 estis,
300 1302 494 1359 audiret,
531 1303 732 1366 quamvis
763 1302 975 1348 charitate
1011 1302 1235 1359 crederet,
1265 1305 1436 1360 tamen,
1468 1320 1521 1349 ne

140 1388 227 1417 non
253 1371 519 1427 crederetur,
542 1387 716 1418 narrare
739 1372 919 1417 forsitan
944 1372 1190 1419 verebatur.

206 1443 266 1488 ll.
309 1443 466 1487 Dicam
491 1441 626 1502 igitur
647 1459 781 1505 quare
805 1459 892 1488 non
912 1443 1102 1488 venerim
1121 1479 1132 1496 ‚
1155 1452 1196 1487 et
1213 1443 1373 1505 quibus
1397 1442 1517 1489 malis

124 1528 166 1563 ,a
195 1521 317 1557 tanto
340 1511 460 1557 bono
487 1511 724 1575 impeditus
751 1512 829 1557 sim
851 1531 862 1565 ;
892 1522 940 1557 ut
969 1528 1055 1557 non
1085 1510 1223 1556 solum
1247 1529 1268 1556 a
1294 1512 1420 1558 vobis
1442 1529 1519 1558 ve-

141 1581 258 1627 niam
274 1618 286 1638 ‚
313 1582 385 1626 sed
409 1581 538 1627 etiam
563 1583 714 1627 vestris
733 1582 1005 1628 orationibus
1026 1582 1082 1627 ab
1107 1580 1181 1626 illo
1200 1618 1211 1638 ,
1235 1582 1311 1645 qui
1331 1583 1373 1627 in
1397 1582 1520 1627 vobis

142 1651 263 1714 quod
281 1651 320 1696 ei
339 1651 483 1697 vivitis
499 1662 719 1714 operatur,
743 1668 907 1697 merear
936 1650 1296 1697 misericordiam.
1322 1651 1520 1714 Populus

144 1720 475 1784 Hipponensis,
514 1721 586 1766 cui
618 1737 685 1766 me
718 1721 929 1766 Dominus
962 1737 1131 1766 servum
1168 1719 1313 1777 dedit,
1348 1737 1448 1766 cum
1475 1738 1520 1766 ex

144 1807 301 1850 magna
324 1800 367 1836 et
398 1807 508 1853 pene
533 1807 579 1835 ex
612 1789 730 1835 omni
757 1801 881 1853 parte
912 1790 969 1836 ita
994 1789 1195 1835 infirmus
1218 1789 1297 1845 sit,
1331 1800 1378 1835 ut
1398 1806 1522 1853 pres-

145 1876 244 1906 sura
269 1860 399 1906 eiiam
423 1860 594 1906 levioris
615 1859 912 1905 tribulationis
935 1859 1069 1923 possit
1088 1859 1276 1918 graviter
1293 1870 1519 1919 aegrotare,

145 1947 264 1977 nunc
292 1941 377 1976 tam
402 1948 556 1991 magna
577 1930 859 1976 tribulatione
877 1930 1078 1986 caeditur,
1105 1940 1153 1974 ut
1169 1930 1336 1975 etiamsi
1354 1947 1441 1975 non
1463 1929 1523 1974 sic

146 2011 253 2046 esset
269 2000 468 2046 infirmus
487 2037 498 2058 ‚
526 2001 594 2046 vix
615 2017 709 2046 eam
733 2016 833 2045 cum
861 2000 1004 2063 aliqua
1030 1999 1164 2044 salute
1189 1999 1319 2044 animi
1337 1999 1525 2044 sustine-

145 2081 225 2118 ret.
261 2072 374 2116 Eum
404 2081 545 2117 autem
576 2070 707 2116 modo
730 2087 830 2116 cum
859 2087 1070 2130 regressus
1092 2085 1211 2125 sum,
1245 2068 1526 2132 periculosis-

145 2142 251 2187 sime
285 2141 627 2188 scandalizatum
659 2142 853 2204 comperi
889 2141 942 2187 de
978 2140 1173 2186 absentia
1212 2155 1305 2184 mea
1338 2156 1349 2183 ε
1377 2138 1527 2185 vestris

148 2222 315 2265 autem,
352 2211 406 2256 de
444 2227 629 2274 quorum
659 2210 874 2274 spirituali
909 2211 1064 2256 robore
1099 2208 1336 2269 gaudemus
1357 2208 1403 2253 in
1431 2208 1526 2252 Do-

148 2281 267 2326 mino
289 2318 300 2337 ,
340 2283 452 2326 sanis
495 2282 644 2345 utique
673 2282 876 2326 faucibus
899 2318 908 2336 ,
941 2280 1055 2343 sapit
1096 2277 1320 2342 quomodo
1354 2273 1527 2323 'dictum

148 2351 203 2397 sit
224 2369 234 2396 :
263 2372 283 2392 «
312 2351 422 2407 Quis
447 2351 710 2403 infirmatur,
743 2362 783 2396 et
807 2368 884 2410 ego
908 2368 993 2396 non
1015 2350 1250 2395 infirmor?
1275 2347 1373 2411 quis
1401 2364 1530 2393 scan-

149 2442 170 2463 »
195 2420 424 2477 dalizatur‚
464 2431 505 2467 et
544 2438 622 2481 ego
657 2438 744 2466 non
780 2420 953 2466 urori?
990 2441 1010 2461 »
1046 2417 1295 2463 Praesertim
1325 2416 1533 2480 quoniam

149 2490 277 2537 multi
301 2501 401 2537 sunt
418 2491 513 2545 hic,
530 2491 603 2554 qui
626 2490 899 2536 detrahendo
923 2489 1050 2534 nobis
1070 2498 1325 2543 caeterorum
1349 2486 1532 2541 animos,

148 2578 170 2605 a
195 2561 364 2624 quibus
388 2560 511 2620 diligi
537 2560 739 2606 videmur
772 2560 976 2606 adversus
1001 2575 1077 2603 nos
1096 2556 1354 2621 perturbare
1376 2571 1542 2602 conan-

205 2645 215 2664 ¹
241 2654 258 2672 2
277 2644 351 2674 Cor.
374 2653 418 2679 xi,
442 2653 500 2683 ²9·
