1902 3268
331 240 419 288 250
749 255 782 284 s.
828 254 1072 285 Aueusrmr
1108 254 1311 285 nrrscorr

328 320 482 366 litteris
501 319 601 376 illis,
631 336 739 383 quas
758 321 975 367 variarum
1002 319 1109 366 servi
1124 318 1379 376 libidinum,
1407 319 1604 365 liberales
1624 335 1706 365 vo-

330 401 448 447 cant,
476 390 549 436 sed
577 390 800 436 dominico
820 407 932 452 pane
964 390 1179 448 nutritus,
1197 400 1387 453 quantus
1408 390 1446 436 ei
1468 389 1614 454 potuit
1632 400 1710 452 per

332 473 498 509 nostras
522 461 742 520 angustias
758 459 1014 522 dispensari.

397 535 455 578 ll.
483 531 602 588 Quid
627 531 742 576 enim
771 529 891 576 aliud
925 529 1163 576 dicendum
1192 541 1254 576 est
1277 532 1357 587 eis,
1390 532 1466 595 qui
1491 547 1593 576 cum
1623 530 1710 578 sint

335 603 476 665 iniqui
489 612 531 647 et
551 601 695 664 impii,
721 600 961 646 liberaliter
979 601 1062 646 sibi
1080 600 1284 647 videntur
1298 601 1476 658 eruditi,
1496 601 1578 646 nisi
1597 600 1717 664 quod

337 673 382 719 in
406 672 558 718 litteris
596 688 692 718 vere
716 670 972 717 liberalibus
994 671 1176 731 legimus
1195 708 1205 727 ‚
1242 692 1262 712 ε(
1289 671 1337 718 Si
1360 688 1434 717 vos
1465 671 1580 717 filius
1606 671 1720 717 libe-

340 763 362 787 »
379 743 554 801 raverit,
575 753 680 788 tunc
698 759 795 788 vere
811 741 936 787 liberi
962 741 1077 787 eritis
1091 741 1155 788 1.»
1179 742 1264 787 Per
1289 758 1387 787 eum
1407 758 1593 804 namque
1609 757 1723 805 prae-

342 825 479 861 statur
502 850 512 870 ‚
540 824 589 859 ut
613 813 705 876 ipse
740 812 867 858 etiam
888 849 898 869 ,
922 829 1022 875 quae
1051 811 1251 858 liberales
1277 811 1522 876 disciplinae
1547 811 1603 857 ab
1627 812 1686 857 eis
1707 848 1719 868 ‚

336 885 478 948 quiin
503 884 747 929 libertatem
776 883 916 929 vocati
938 901 1026 929 non
1047 894 1175 940 sunt,
1211 882 1489 947 appellantur
1508 920 1518 939 ‚
1542 880 1652 946 quid
1676 882 1723 928 in

342 972 384 1001 se
410 955 604 1000 habeant
632 953 809 1000 liberale
842 964 1060 1000 noscatur.
1100 955 1249 1017 Neque
1273 953 1389 999 enim
1419 953 1589 999 babent
1613 969 1724 998 con-

342 1042 500 1086 gruum
534 1024 757 1080 libertati,
796 1024 877 1070 nisi
911 1024 1031 1087 quod
1069 1024 1236 1070 liabent
1262 1041 1503 1085 congruum
1532 1022 1716 1085 veritati.

342 1095 553 1140 Undeille
567 1096 657 1157 ipse
671 1095 822 1150 Filius,
848 1095 942 1139 «Et
965 1095 1142 1151 veritas,
1167 1094 1332 1158 inquit,
1349 1094 1559 1140 liberabit
1572 1092 1725 1141 vos‘2.»

346 1166 444 1211 Non
477 1182 577 1225 ergo
601 1164 687 1210 illae
725 1164 1066 1210 innumerabiles
1089 1175 1131 1210 et
1158 1165 1307 1228 impiae
1332 1164 1498 1210 fabulae
1523 1201 1533 1220 ‚
1562 1164 1727 1226 quibus

344 1253 556 1285 vanorum
582 1236 711 1299 plena
732 1246 833 1281 sunt
857 1235 1053 1281 carmina
1074 1239 1310 1299 poetarum
1329 1272 1340 1291 ,
1365 1234 1455 1280 ullo
1479 1233 1611 1280 modo
1630 1249 1729 1278 nos-

349 1319 429 1354 trae
453 1318 692 1353 consonant
714 1306 933 1359 libertati3
960 1323 1048 1352 non
1070 1316 1291 1353 oratorum
1309 1306 1459 1352 inflata
1481 1316 1523 1351 et
1542 1303 1729 1368 expolita

347 1377 576 1424 mendacia
604 1395 614 1422 ε
644 1394 733 1422 non
757 1376 973 1440 denique
963 1394 1156 1440 lpsolum
1179 1376 1552 1440 philosophorum
1572 1389 1728 1435 garru-

347 1449 403 1495 lae
428 1467 475 1494 ”u
478 1459 730 1512 “ut1ae‚qu1
754 1448 820 1495 vel
847 1449 987 1494 Deum
1007 1465 1184 1511 prorsus
1203 1465 1292 1493 non
1315 1456 1643 1507 cognoverunt,
1661 1443 1730 1492 vel

349 1536 450 1566 cum
471 1519 772 1579 cognovissent
791 1519 951 1573 Deum,
969 1536 1059 1564 nou
1076 1519 1188 1564 sicut
1208 1519 1346 1564 Deum
1363 1517 1544 1578 glorific
1534 1525 1728 1569 iverunt,

350 1601 425 1636 aut
456 1590 612 1649 gratias
647 1600 857 1649 egerunt
898 1589 971 1635 sed
1012 1599 1282 1636 evanuerunt
1315 1588 1360 1634 in
1392 1585 1731 1648 cogitationibus

349 1661 451 1715 suiS‚
480 1670 521 1706 et
545 1659 829 1705 obscuratum
852 1670 913 1705 est
940 1659 1150 1723 insipiens
1171 1675 1246 1705 cor
1269 1675 1419 1705 eorum
1435 1694 1446 1710 ,
1477 1668 1520 1702 et
1540 1656 1733 1702 dicentes

348 1748 391 1777 se
407 1748 493 1777 esse
511 1731 722 1794 sapientes
737 1768 748 1787 ‚
776 1730 897 1777 stulti
916 1730 1021 1777 facti
1047 1741 1147 1775 suut
1168 1748 1179 1776 τ
1208 1740 1250 1776 et
1270 1729 1615 1776 immutaverunt
1632 1726 1732 1786 glo-

351 1803 460 1848 riam
489 1802 736 1865 incorrupti
760 1802 839 1847 Dei
859 1802 903 1847 in
928 1801 1257 1847 similitudinem
1280 1800 1480 1860 imaginis
1509 1796 1734 1861 corrupti-

349 1873 451 1919 bilis
484 1872 676 1918 hominis
706 1883 747 1918 et
771 1872 1001 1919 volucrum
1041 1883 1172 1935 atque
1201 1869 1544 1936 quadrupedum
1567 1879 1609 1915 et
1640 1884 1733 1914 ser-

351 1944 579 2007 pentium3
620 1943 689 1989 vel
714 1943 790 2007 qui
825 1943 915 1988 istis
945 1943 1187 1988 simulacris
1219 1959 1308 1987 non
1334 1940 1505 1996 dediti,
1537 1949 1611 1986 aut
1644 1954 1734 1984 non

352 2014 480 2060 nimis
517 2013 686 2069 dediti,
729 2013 960 2059 coluerunt
1000 2024 1143 2058 tamen
1181 2022 1221 2058 et
1249 2013 1488 2059 servierunt
1523 2020 1734 2057 creaturae

352 2085 498 2149 potius
522 2101 656 2149 quam
682 2084 891 2131 Creatori.
929 2085 1056 2130 Absit
1079 2084 1257 2129 omniuo
1286 2093 1335 2129 ut
1364 2083 1545 2129 istorum
1572 2079 1735 2128 vanita-

353 2167 414 2202 tes
439 2166 481 2201 et
498 2155 678 2201 insaniae
706 2155 952 2211 mendaces,
979 2165 1170 2202 ventosae
1190 2170 1320 2214 nugae
1344 2171 1394 2200 ac
1426 2152 1640 2216 superbus
1663 2167 1735 2196 er·-

355 2243 454 2282 ror,
484 2236 598 2271 recte
627 2225 826 2272 liberales
855 2225 1011 2271 litterae
1043 2225 1348 2281 nominentur,
1386 2223 1617 2269 hominum
1649 2219 1736 2266 sci-

354 2296 455 2342 licet
490 2295 729 2342 infelicium
752 2334 762 2353 ‚
794 2297 869 2360 qui
895 2296 975 2341 Dei
1013 2296 1196 2357 gratiam
1226 2313 1305 2359 per
1334 2296 1480 2341 Jesum
1508 2292 1736 2338 Christum

355 2367 595 2413 Dominum
611 2378 824 2424 nostrum,
840 2384 927 2432 qua
948 2367 1035 2413 sola
1048 2367 1289 2413 liberamur
1309 2366 1362 2412 de
1381 2381 1564 2429 corpore
1583 2361 1736 2409 mortis

357 2437 508 2497 hujus,
537 2455 625 2483 non
646 2449 962 2499 cognoverunt,
989 2456 1068 2484 nec
1092 2438 1137 2483 in
1162 2438 1220 2483 eis
1246 2438 1349 2501 ipsis
1370 2474 1381 2494 ‚
1401 2453 1502 2500 quae
1522 2451 1619 2481 vera
1637 2449 1736 2479 sen-

356 2518 517 2555 serunt.
538 2509 728 2555 Historia
745 2527 863 2566 sane,
894 2513 1021 2571 cujus
1045 2509 1275 2574 scriptores
1298 2507 1430 2555 fidem
1447 2522 1490 2552 se
1506 2503 1737 2570 praecipue

405 2591 529 2624 ¹Joan„
549 2601 629 2634 vm,
652 2593 682 2628 3,
699 2607 744 2615 —
761 2590 880 2625 ²11›id.
