1902 3268
607 292 816 324 zelsToLA
854 287 1050 321 Lxxxvn.
1427 272 1509 335 ¹37

142 363 273 430 plecti
292 378 414 410 suam
439 358 712 425 iniquitatem
731 394 742 413 ‚
769 367 809 404 et
834 365 1100 421 potestatum
1123 369 1322 401 accusare
1355 351 1515 399 severi-

141 437 306 481 tatem?

206 505 328 552 VIII.
361 504 417 550 At
438 501 553 549 enim
572 510 614 546 et
633 499 766 545 malos
786 497 1045 545 Christianis
1069 513 1157 542 non
1177 494 1283 541 licet
1300 491 1513 558 persequi.

142 578 246 621 Esto
266 611 276 631 ‚
303 591 388 620 non
414 573 574 619 liceat:
599 570 671 617 sed
697 569 915 634 numquid
939 570 1024 615 hoc
1049 565 1338 631 potestatibus
1357 563 1408 609 ad
1434 563 1521 608 hoc

141 646 283 710 ipsum
298 644 507 691 ordinatis
520 643 580 690 fas
594 653 656 688 est
669 643 888 703 objicere?
901 643 966 687 An
980 637 1233 702 Apostolum
1249 635 1520 683 delebimus?

142 717 231 763 Aut
244 734 332 762 non
349 716 516 762 habent
531 714 702 760 codices
720 712 847 758 vestri
869 728 969 775 quae
986 709 1122 774 paulo
1141 718 1237 754 ante
1253 721 1522 753 commemo-

142 787 261 833 ravi?
282 787 364 833 Sed
382 804 455 833 vos
473 824 482 840 ,
500 786 670 849 inquies
689 821 698 839 ‚
718 784 878 830 talibus
892 782 1215 829 communicare
1232 795 1318 824 non
1334 775 1518 830 debetis,

142 857 262 914 Quid
279 875 378 917 ergo
395 860 412 904 ,0
432 857 518 902 Vos
542 856 747 901 Flaviano
766 853 986 916 quondam
1007 851 1198 906 vicario,
1218 848 1354 913 partis
1371 856 1522 893 vestrae

141 927 337 981 homini,
359 927 463 991 quia
498 926 667 986 legibus
703 925 907 979 serviens,
932 933 1134 969 nocentes
1170 938 1281 984 quos
1302 920 1524 965 invenerat

141 996 400 1060 occidebat,
435 1013 523 1041 non
558 995 948 1041 communicastis?
981 992 1064 1038 Sed
1092 1011 1114 1038 a
1145 991 1292 1044 vobis,
1324 987 1520 1051 inquies,

142 1068 331 1114 Romani
355 1068 579 1132 principes
600 1068 827 1112 adversum
851 1083 928 1112 nos
948 1074 1260 1129 provocantur.
1288 1062 1381 1106 lmo
1401 1076 1424 1104 a
1443 1074 1524 1103 vo-

143 1139 210 1184 bis
236 1139 463 1185 adversum
487 1156 562 1185 vos
584 1139 702 1202 ipsos
721 1176 730 1193 ,
758 1139 835 1202 qui
852 1136 1113 1189 Ecclesiam,
1141 1138 1267 1194 cujus
1284 1131 1396 1185 illic,
1414 1129 1526 1175 sicut

143 1218 263 1254 tanto
285 1220 382 1254 ante
402 1208 667 1272 praedictum
689 1219 751 1254 est
767 1211 881 1267 ‚jam
903 1206 1099 1252 membra
1121 1214 1222 1251 sunt
1243 1202 1326 1264 (de
1347 1199 1525 1247 Christo

142 1278 255 1323 enim
294 1278 462 1324 (lictum
500 1289 561 1324 est
599 1296 608 1323 :
650 1300 669 1319 α
696 1279 750 1322 Et
790 1277 1039 1322 adorabunt
1077 1291 1174 1320 eum
1216 1288 1366 1319 omnes
1408 1285 1526 1329 reges

148 1371 165 1388 »
193 1363 319 1394 terrae
334 1348 348 1377 1
367 1386 378 1402 ‚
398 1371 418 1390 ›>
439 1362 455 1411 )
476 1360 517 1394 et
539 1349 797 1413 praecisione
823 1347 986 1393 laniare
1005 1347 1094 1392 ausi
1111 1345 1209 1391 estis
1226 1380 1236 1398 ‚
1260 1353 1303 1389 et
1327 1340 1522 1404 rebapti-

144 1435 238 1464 zare
265 1419 543 1482 pertinaciter
567 1419 746 1466 audetis.
780 1418 926 1464 Nostri
949 1428 1091 1463 autem
1128 1415 1333 1460 adversus
1355 1410 1527 1457 illicitas

144 1499 185 1534 et
203 1489 396 1552 privatas
413 1500 656 1536 vestrorum
672 1488 894 1535 violentias
911 1524 921 1544 ‚
945 1504 1051 1550 quas
1069 1498 1111 1531 et
1128 1502 1205 1530 vos
1219 1484 1281 1529 ibi
1298 1518 1308 1538 ‚
1327 1480 1402 1546 qui
1427 1479 1528 1525 talia

146 1577 232 1605 non
270 1561 435 1616 facitis,
459 1559 615 1607 doletis
645 1571 688 1607 et
711 1559 907 1621 gemitis,
936 1577 957 1604 a
990 1556 1281 1622 potestatibus
1313 1550 1528 1598 ordinatis

148 1630 376 1676 tuitionem
396 1641 581 1694 petunt,
608 1647 696 1676 non
716 1647 802 1694 qua
827 1647 902 1675 vos
929 1637 1258 1693 persequantur,
1286 1623 1357 1669 sed
1382 1638 1467 1685 qua
1486 1637 1528 1666 se

145 1701 381 1748 defendant
404 1720 414 1747 ε
436 1703 548 1749 sicut
566 1701 788 1766 apostolus
810 1701 971 1746 Paulus
998 1699 1199 1745 adversus
1223 1695 1402 1742 Judaeos
1424 1709 1527 1739 con-

141 1775 336 1832 jurantes
374 1783 423 1818 ut
457 1790 556 1819 eum
593 1772 847 1827 necarenffl,
878 1781 1106 1834 antequam
1139 1778 1244 1814 esset
1277 1767 1527 1811 Romanum

146 1843 378 1906 imperium
399 1844 690 1889 christianum
708 1880 718 1899 ‚
742 1843 829 1903 egit
850 1853 896 1888 ut
921 1842 1002 1887 sibi
1030 1840 1156 1886 tuitio
1180 1839 1310 1884 etiam
1337 1843 1527 1881 armato-

148 1930 245 1958 rum
260 1913 450 1961 daretur.
471 1913 555 1960 Sed
571 1913 634 1959 illi
651 1913 872 1977 principes
885 1911 1081 1975 qualibet
1098 1910 1325 1955 occasione
1341 1919 1529 1964 cognos-

148 1994 291 2030 centes
313 1985 441 2031 vestri
474 1984 724 2031 schismatis
746 1983 887 2039 nefas,
918 1982 1192 2028 constituunt
1221 1979 1426 2024 adversus
1452 1990 1530 2019 vos

148 2071 231 2117 pro
247 2071 324 2101 sua
344 2055 638 2102 sollicitudine
655 2072 705 2101 ac
724 2064 936 2118 potestate
953 2052 1073 2116 quod
1095 2051 1260 2097 volunt.
1293 2049 1392 2094 Non
1414 2044 1530 2091 enim

149 2124 306 2170 frustra
331 2125 528 2185 gladium
552 2136 755 2189 portant,
786 2125 862 2170 Dei
888 2124 1000 2169 enim
1028 2121 1214 2168 ministri
1231 2128 1332 2165 sunt
1350 2153 1361 2170 ,
1381 2112 1531 2161 vindi-

150 2196 278 2241 cosin
297 2195 407 2242 iram
424 2197 470 2242 in
484 2214 556 2242 cos
571 2197 646 2260 qui
664 2196 774 2242 male
794 2206 942 2256 agunt.
966 2198 1189 2239 Postremo
1206 2190 1334 2236 etiam
1348 2187 1381 2232 si
1397 2183 1533 2248 aliqui

152 2277 403 2313 nostrorum
423 2285 511 2313 non
529 2268 766 2313 christiana
800 2265 1095 2312 moderatione
1113 2263 1191 2308 ista
1215 2259 1410 2313 faciunt,
1439 2255 1533 2301 dis-

153 2336 286 2400 plicet
319 2338 446 2384 nobis
480 2355 491 2384 :
531 2338 604 2385 sed
629 2350 772 2385 tamen
807 2355 894 2384 non
930 2346 1113 2400 propter
1143 2350 1214 2379 eos
1247 2327 1535 2392 relinquimus

152 2406 415 2454 catholicam
441 2409 678 2456 Ecclesiam
694 2447 705 2465 ,
723 2411 754 2456 si
776 2427 868 2456 earn
892 2420 990 2454 ante
1016 2406 1217 2452 ultimum
1243 2413 1415 2464 tempus
1432 2414 1537 2443 ven-

154 2478 362 2526 tilationis
386 2497 410 2525 a
434 2480 560 2544 palea
582 2498 772 2546 purgare
796 2497 883 2526 non
909 2494 1167 2542 possumus,
1192 2472 1371 2538 quando
1395 2480 1435 2516 et
1462 2485 1537 2514 vos

204 2595 313 2628 (Ρςεῐ.
340 2606 561 2631 zxx1,11.-—-
585 2594 600 2617 ‘²
617 2597 688 2630 Act.
709 2606 873 2632 xxiia-ns
