1902 3268
669 303 882 339 EPISTOLA
916 306 992 344 CV«,
1427 304 1480 352 31
1499 320 1516 353 1

146 389 190 426 et
211 375 404 425 triticum
422 410 436 434 ‚
456 383 531 421 aut
554 386 688 434 grana
709 371 828 420 nuda
849 384 945 420 ante
965 385 1136 440 tempus
1160 375 1214 425 de
1238 394 1334 426 area
1353 397 1524 445 separa-

145 460 189 496 ta
207 486 219 506 ‚
250 464 339 494 non
365 446 411 494 in
428 446 638 492 horreum
666 444 878 491 mittenda
899 463 1152 510 purgemus,
1182 449 1255 496 sed
1272 451 1525 501 volatilibus

144 517 388 580 colligenda
417 515 731 582 projiciamus;
761 527 833 562 aut
857 516 1066 581 disruptis
1088 536 1168 583 per
1194 520 1429 568 schismata
1451 541 1523 571 re·-

143 590 286 647 tibus‚
311 589 418 636 dum
445 586 569 653 quasi
589 586 723 632 malos
746 587 884 650 pisces
909 604 1109 635 cavemus
1127 627 1139 646 ,
1163 590 1207 636 in
1230 609 1349 638 mare
1370 594 1523 657 perni-

144 660 274 707 ciosae
303 659 522 706 libertatis
550 674 760 704 exeamus,
799 661 988 722 Propter
1022 659 1110 705 hoc
1150 661 1264 706 enim
1299 662 1368 708 his
1395 675 1525 727 atque

145 730 236 776 aliis
252 729 613 776 similitudinibus
638 728 851 774 Dominus
875 744 1099 774 servorum
1122 746 1302 776 suorum
1329 732 1524 779 toleran-

146 800 248 846 tiam
275 800 578 852 confirmavit,
600 815 653 845 ne
673 797 781 843 dum
801 815 843 843 se
866 798 974 843 boni
993 807 1154 861 putant
1180 799 1394 847 malorum
1416 820 1523 866 per-

141 872 346 919 mixtione
366 872 563 936 culpari,
583 887 662 934 per
680 870 897 915 humanas
918 880 960 915 et
979 872 1225 918 temerarias
1241 872 1525 922 dissensiones

142 954 216 989 aut
233 943 440 1007 parvulos
464 940 680 1006 perdant,
712 950 788 986 aut
814 939 987 1004 parvuli
1012 952 1206 1003 pereant.
1234 943 1365 1001 Quod
1385 961 1524 1009 usque

141 1013 247 1060 adeo
265 1013 451 1061 coelestis
473 1012 675 1073 magister
707 1011 951 1058 cavendum
981 1013 1280 1075 praemonuit,
1315 1026 1365 1061 ut
1387 1017 1521 1063 etiam

139 1083 193 1130 de
218 1081 466 1148 praepositis
489 1081 614 1128 malis
636 1080 812 1145 plebem
830 1097 1024 1127 securam
1051 1081 1241 1141 faceret,
1265 1102 1319 1130 ne
1337 1097 1523 1150 propter

137 1154 235 1202 illos
255 1155 470 1202 doctrinae
493 1153 692 1200 salutaris
719 1152 931 1199 cathedra
949 1152 1233 1211 desereretur,
1274 1155 1322 1202 in
1342 1174 1430 1221 qua
1444 1175 1519 1204 co-

138 1236 302 1285 guntur
320 1225 452 1272 etiam
464 1223 570 1270 mali
584 1223 702 1270 bona
723 1223 882 1270 dicere.
898 1223 1050 1286 Neque
1072 1225 1188 1270 enim
1203 1241 1280 1272 sua
1299 1237 1400 1273 sunt
1418 1244 1520 1291 quae

138 1294 320 1351 dicunt,
348 1294 420 1341 sed
446 1293 548 1350 Dei,
576 1294 651 1356 qui
669 1293 714 1338 in
736 1291 948 1338 cathedra
968 1293 1146 1340 unitatis
1170 1294 1417 1342 doctrinam
1437 1314 1518 1360 po-

137 1366 227 1412 suit
243 1364 453 1412 veritatis.
477 1362 669 1408 Proinde
695 1362 767 1408 ille
796 1379 920 1408 verax
950 1373 991 1408 et
1015 1363 1111 1426 ipsa
1134 1365 1291 1411 veritas
1314 1366 1369 1412 de
1393 1384 1516 1430 prae-

137 1435 289 1498 positis
313 1450 389 1480 sua
407 1432 523 1478 mala
545 1431 827 1487 facientibus.
851 1442 892 1478 et
912 1432 992 1480 Dei
1015 1432 1135 1480 bona
1154 1433 1407 1483 dicentibus
1424 1438 1484 1483 ait
1501 1474 1514 1495 ,

137 1524 159 1546 «
182 1507 299 1564 Quae
319 1503 475 1549 dicunt
491 1539 503 1557 ‚
535 1501 698 1556 facite3
733 1518 834 1566 quae
860 1512 1006 1548 autem
1028 1502 1225 1561 faciunt,
1263 1504 1406 1553 facere
1432 1524 1519 1554 no-

136 1594 158 1616 »
174 1572 251 1620 lite
267 1611 279 1631 ,
306 1571 463 1620 dicunt
479 1571 594 1618 enim
617 1608 630 1629 ‚
660 1583 702 1618 et
719 1589 808 1618 non
830 1572 1046 1621 faciuntst.
1071 1596 1087 1615 »
1111 1575 1210 1620 Non
1231 1575 1384 1640 utique
1399 1576 1518 1625 dice-

135 1654 228 1699 ret,
247 1665 269 1686 «
286 1643 399 1700 Quae
426 1642 595 1688 faciunt
614 1679 626 1699 ,
648 1641 788 1689 facere
812 1643 945 1688 nolite
962 1679 974 1699 ,
992 1664 1012 1685 »
1031 1643 1114 1690 nisi
1135 1645 1361 1692 manifesta
1382 1659 1523 1696 essent

135 1713 253 1760 mala
266 1729 368 1776 quae
386 1710 570 1760 faciunt.

200 1782 344 1830 XVII.
377 1781 478 1828 Non
496 1798 597 1841 ergo
615 1792 798 1845 propter
817 1782 953 1828 malos
970 1782 1018 1829 in
1034 1783 1148 1830 mala
1165 1783 1427 1834 dissensione
1440 1804 1517 1852 pe-

135 1870 306 1900 reamus
332 1870 344 1899 =
373 1852 574 1916 quamvis
594 1863 756 1898 vestros
776 1857 960 1912 maJ'ores
986 1871 1076 1900 non
1095 1865 1358 1903 execratores
1377 1858 1522 1906 malo-

136 1941 231 1970 rum
250 1959 264 1980 ‚
288 1921 362 1970 sed
385 1931 656 1968 accusatores
674 1922 976 1968 innocentium
995 1923 1148 1981 fuisse,
1172 1925 1207 1971 si
1227 1925 1393 1983 velitis»,
1421 1945 1521 1992 pos-

137 1993 271 2039 simus
309 1989 548 2039 ostendere.
589 1990 675 2036 Sed
714 1992 985 2056 quicumque
1014 1993 1079 2039 illi
1112 2005 1155 2040 et
1181 1995 1522 2064 qualescumque

136 2062 330 2120 fuerint,
353 2072 532 2126 portent
555 2061 745 2107 sarcinas
762 2078 873 2108 suas.
900 2064 1014 2109 Ecce
1041 2063 1286 2128 Scripturae
1312 2083 1520 2116 commu-

138 2149 213 2179 nes
232 2169 247 2190 ,
282 2149 384 2179 ecce
420 2131 500 2178 ubi
529 2131 733 2178 novimus
776 2132 1006 2180 Christum
1022 2170 1034 2187 ,
1059 2151 1160 2182 ecce
1199 2137 1278 2182 ubi
1316 2139 1519 2186 novimus

137 2201 391 2249 Ecclesiam.
419 2202 465 2248 Si
486 2201 714 2248 Christum
735 2203 880 2266 ipsum
905 2205 1062 2250 tenetis
1077 2241 1088 2261 ‚
1115 2207 1254 2268 ipsam
1280 2207 1520 2255 Ecclesiam

138 2289 274 2337 quare
295 2289 386 2333 non
403 2272 584 2319 tenetis?
600 2272 648 2318 Si
663 2272 709 2318 in
730 2273 875 2336 ipsum
895 2275 1131 2321 Christum
1149 2292 1280 2339 quem
1299 2276 1463 2337 legitis,
1482 2289 1529 2327 et

141 2359 232 2389 non
246 2340 401 2388 videtis
417 2377 430 2396 ,
449 2352 596 2388 tamen
619 2353 804 2406 propter
822 2344 1048 2391 veritatem
1067 2345 1397 2408 Scripturarum
1422 2365 1524 2395 cre-

143 2411 245 2458 ditis
261 2431 274 2466 ς
289 2428 422 2476 quare
443 2411 681 2458 Ecclesiam
699 2412 863 2472 negatis
885 2449 896 2469 ‚
911 2430 1046 2476 quam
1068 2425 1111 2459 et
1130 2414 1270 2474 legitis
1288 2426 1331 2461 et
1349 2416 1532 2464 videtis?

144 2477 255 2527 Haec
276 2479 402 2527 vobis
423 2478 610 2527 dicendo
630 2492 673 2527 et
699 2480 755 2527 ad
779 2481 866 2527 hoc
884 2482 1054 2528 bonum
1074 2484 1194 2546 pacis
1219 2494 1259 2530 et
1279 2485 1459 2533 unitatis
1480 2497 1524 2534 et

142 2550 367 2599 charitatis
379 2567 455 2598 vos
472 2551 776 2616 compellendo
789 2589 800 2610 ,
827 2551 994 2600 inimici
1022 2553 1146 2600 vobis
1161 2553 1265 2601 facti
1281 2572 1459 2614 sumus;
1480 2568 1523 2607 et

189 2634 201 2658 1
220 2631 343 2668 Matth.
358 2643 454 2673 xxm,
474 2635 508 2668 3.
