1902 3268
650 293 862 326 zrtsromt
897 294 987 326 xcx.
1420 286 1504 349 ¹59

129 370 203 409 aut:
229 359 328 406 finis
350 358 500 414 bonis,
524 375 612 404 non
647 359 808 406 invitus
826 397 837 414 ‚
870 360 959 406 imo
984 360 1112 406 etiam
1138 360 1278 408 libens
1312 365 1496 428 accipin.

128 431 252 478 Unde
275 445 475 494 supernae
495 429 724 490 cujusdam
747 431 902 494 patriae
921 468 931 481 .
959 431 1002 477 in
1029 435 1155 492 cujus
1185 444 1334 480 sancto
1360 452 1504 482 amore

126 519 207 567 pro
224 511 369 547 nostro
386 499 565 546 modulo
580 499 799 558 intereos,
815 502 975 564 quibus
993 502 1044 548 ad
1062 502 1177 548 illam
1196 506 1501 568 capessendam

125 572 413 627 consulimus,
438 571 738 635 periclitamur
755 583 884 636 atque
907 573 1154 620 laboramus
1174 575 1298 622 talem
1314 577 1442 622 etiam
1463 589 1503 624 te

123 644 268 708 ipsum
293 643 431 689 civem
468 641 630 688 habere
669 642 903 699 vellemus,
932 654 980 689 ut
1011 648 1104 703 ejus
1131 647 1425 707 portiunculae
1459 648 1502 694 in

123 714 210 761 hac
229 725 339 760 terra
364 713 681 777 peregrinanti,
705 713 874 759 nullum
894 714 1146 760 consulendi
1162 716 1338 762 modum
1354 719 1503 764 finem-

123 802 209 851 que
230 802 422 832 censeres
437 821 448 840 ,
480 795 599 831 tanto
622 786 798 831 effectus
818 785 986 841 melior,
1008 797 1173 849 quanto
1199 787 1367 834 meliori
1389 790 1502 835 civi-

123 858 199 904 tati
222 856 363 904 officia
379 856 526 904 debita
547 873 837 920 praerogares,
859 857 902 903 in
921 861 1011 918 ejus
1025 868 1183 904 aeterna
1205 876 1314 923 pace
1332 859 1504 907 nullum

123 927 339 989 gaudendi
366 929 497 974 finem
535 928 814 983 inventurus,
845 932 970 989 an'us
998 931 1053 975 ad
1088 940 1259 994 tempus
1276 930 1503 978 laboribus

123 999 292 1045 nullum
316 998 394 1044 tibi
420 999 548 1044 finem
569 1009 776 1044 statueres
803 999 1071 1048 consulendi.

187 1070 246 1117 ll.
278 1069 439 1115 Verum
460 1068 546 1114 hoc
571 1068 713 1115 donce
736 1069 838 1126 fiat,
857 1070 1025 1134 (neque
1048 1071 1161 1117 enim
1185 1072 1501 1136 desperandum

120 1149 212 1194 est,
239 1138 356 1185 illam
380 1150 418 1185 te
438 1139 623 1203 patriam
652 1156 773 1203 posse
800 1141 1049 1204 acquirere,
1077 1141 1142 1188 vel
1160 1146 1249 1203 jam
1276 1145 1504 1208 acquiren-

122 1209 223 1256 dam
256 1209 596 1273 prudentissime
624 1210 842 1270 cogitare,
873 1211 926 1257 ad
963 1229 1093 1275 quam
1123 1223 1161 1258 te
1192 1224 1317 1277 pater
1339 1216 1466 1260 etiam
1486 1251 1500 1272 ‚

120 1281 196 1345 qui
220 1281 265 1327 in
293 1280 372 1326 ista
398 1281 570 1341 genuit,
608 1281 863 1335 antecessit3
899 1282 986 1328 hoc
1011 1300 1113 1343 ergo
1137 1283 1276 1330 donec
1307 1286 1383 1331 siat
1401 1321 1411 1335 .
1448 1285 1504 1332 da

122 1351 250 1398 nobis
270 1352 438 1398 veniam
453 1387 465 1406 ‚
503 1352 536 1398 si
572 1363 754 1416 propter
775 1353 961 1415 patriam
988 1365 1176 1400 nostram
1193 1392 1203 1411 ,
1227 1372 1358 1418 qnam
1381 1356 1506 1420 cupi·

120 1439 216 1469 mus
243 1438 471 1486 nunquam
498 1422 769 1487 relinquere,
797 1425 1104 1471 contristamus
1135 1427 1320 1489 patriam
1350 1437 1468 1472 tuam
1488 1464 1499 1482 ‚

118 1510 253 1558 quam
277 1493 402 1557 cupis
421 1492 644 1539 florentem
671 1493 926 1558 relinquere.
953 1497 1016 1541 De
1039 1500 1108 1557 cuj
1119 1496 1352 1561 usquidem
1376 1498 1501 1543 flori-

119 1565 203 1612 bus
218 1602 229 1620 ,
251 1564 284 1611 si
301 1581 404 1611 cum
426 1574 499 1610 tua
516 1563 751 1628 prudentia
770 1564 1064 1629 disputemUS,
1086 1579 1248 1614 nonest
1265 1569 1501 1615 verendum

119 1654 173 1683 ne
201 1636 283 1682 tibi
308 1635 486 1682 difficile
520 1635 853 1699 persuadeatur,
879 1648 953 1683 aut
979 1655 1082 1683 vero
1111 1640 1241 1684 etiam
1270 1656 1356 1686 non
1377 1640 1502 1685 facile

120 1716 346 1758 occurrat,
365 1705 737 1769 quemadmodum
759 1706 912 1752 florere
928 1708 1079 1754 civitas
1103 1708 1273 1756 debeat.
1301 1712 1503 1756 Comme-

119 1778 305 1825 moravit
322 1779 461 1823 Poeta
483 1775 554 1821 itte
577 1788 815 1822 vestrarum
837 1777 1102 1824 clarissimus
1118 1779 1357 1825 litterarum
1375 1798 1502 1845 quos-

119 1848 219 1896 dam
251 1849 376 1895 flores
406 1847 571 1902 ltaliae,
599 1847 672 1893 sut
702 1865 777 1893 nos
806 1849 849 1894 in
876 1860 1013 1895 vestra
1035 1852 1175 1913 patria
1207 1862 1399 1897 nontam
1426 1871 1501 1897 ‹x-

118 1919 231 1984 perti
246 1935 416 1974 sumus,
434 1917 595 1981 quibus
610 1917 804 1964 floruerit
826 1929 933 1964 terra
954 1920 1010 1966 ill·
1004 1939 1026 1966 ‘t
1048 1922 1147 1967 vitis
1164 1959 1173 1976 ,
1192 1938 1322 1985 quam
1338 1922 1500 1986 quibus

120 1989 450 2037 arseritarmis.
477 1987 566 2034 imo
590 2005 691 2034 xero
719 2006 806 2034 non
833 1991 982 2045 annis,
1007 1991 1077 2037 sed
1097 1992 1310 2048 flammis;
1337 2012 1416 2041 nec
1434 2012 1500 2041 ai·

119 2062 252 2116 serit,
277 2059 350 2107 sed
383 2058 639 2106 incenderit.
668 2059 801 2116 (luod
832 2071 1001 2107 tantum
1030 2062 1167 2109 scelus
1199 2063 1231 2109 si
1258 2064 1422 2111 fuerit
1412 2083 1500 2112 nn-

117 2133 352 2195 punitum,
381 2129 499 2176 nulla
527 2129 658 2190 digna
679 2132 948 2178 correctione
983 2149 1246 2196 pravorum,
1273 2135 1499 2183 florentem

121 2213 158 2247 te
172 2204 355 2266 patriam
375 2211 501 2266 putas
516 2199 800 2247 relicturum?
818 2219 843 2247 o
857 2202 981 2248 flores
1000 2221 1087 2249 non
1102 2204 1231 2268 plane
1246 2205 1468 2252 fructuum
1484 2244 1494 2263 ‚

118 2273 190 2318 sed
204 2271 452 2337 spinarum!
478 2272 698 2334 Compara
714 2288 832 2318 nunc
849 2285 992 2319 utrum
1009 2274 1132 2320 malis
1146 2275 1296 2321 florere
1311 2278 1495 2340 patriam

118 2354 236 2389 tuam
265 2343 448 2406 pietate,
475 2359 528 2386 an
555 2342 844 2404 impunitate,
871 2346 1077 2390 correctis
1108 2346 1302 2391 moribus
1320 2384 1330 2402 ,
1352 2365 1404 2393 an
1430 2366 1499 2392 so-

118 2414 233 2459 curis
267 2412 463 2459 ausibus.
498 2415 717 2475 Compara
747 2413 825 2458 ista
848 2450 859 2468 ,
900 2425 943 2459 et
967 2414 1065 2460 vide
1097 2425 1240 2461 utrum
1269 2418 1310 2461 in
1346 2420 1500 2481 patriae,

117 2495 205 2530 tuae
238 2499 384 2530 amore
408 2498 483 2528 nos
505 2481 678 2535 vincas3
707 2493 854 2528 utrum
879 2501 974 2530 eam
1006 2485 1139 2545 magis
1164 2487 1392 2552 veriusque
1415 2506 1493 2535 eu-

116 2555 210 2618 pias
230 2554 383 2600 florere
399 2570 428 2617 q
441 2569 537 2598 uam
554 2569 644 2600 nos.

181 2623 265 2674 111.
298 2626 473 2669 Intuere
499 2620 735 2686 paululum
759 2622 875 2686 ipsos
888 2621 942 2669 de
960 2624 1210 2688 'Republica
1229 2625 1366 2675 libros
1387 2629 1501 2676 uncle
