1902 3268
332 316 425 376 lto-¹¹2
762 335 796 364 s.
840 333 1083 366 Ancusrtm
1118 334 1322 366 Eriscopi

334 417 429 446 sum
451 411 536 455 est,
555 399 738 446 faciente
759 399 835 444 illo
853 421 872 440 «
900 400 988 456 Qui
1014 412 1165 464 potens
1181 412 1265 458 est,
1294 400 1407 447 sicut
1437 400 1500 447 ait
1519 403 1716 466 Aposto-'

336 493 358 515 »
377 471 443 517 lus
458 509 469 529 ‚
492 471 629 517 facere
653 487 784 533 supra
806 487 936 533 quam
957 472 1144 534 petimus
1161 484 1234 518 aut
1250 473 1572 534 intelligimus&
1592 496 1612 515 »

400 543 527 589 Xlll.
561 543 674 598 Quae
699 558 796 586 cum
820 541 876 586 ita
894 541 998 597 sint,
1020 542 1192 588 interim
1207 544 1305 589 volo
1330 555 1377 589 ut
1396 545 1509 605 legas
1522 562 1592 601 ea,
1609 561 1710 610 quae

334 612 389 659 ad
416 614 539 658 istam
572 611 854 675 quaestionem
890 612 1149 676 pertinentia
1169 617 1259 673 jam
1285 615 1421 659 multa
1446 616 1711 679 conseripsi-

331 699 454 737 mus3
486 683 558 729 illa
583 684 735 739 etiam,
768 700 868 746 quae
894 684 938 729 in
964 684 1166 729 manibus
1195 684 1433 742 habemus,
1461 697 1502 732 et
1530 697 1712 750 propter

331 753 676 814 magnitudinem
700 764 786 799 tam
814 753 1005 799 difficilis
1027 755 1303 818 quaestionis,
1331 756 1527 802 nondum
1553 773 1712 820 possu-

330 841 428 872 mus
454 825 684 889 explicare.
719 826 847 871 Nune
871 842 971 871 vero
997 836 1092 871 tene
1115 826 1367 872 inconcussa
1396 826 1504 883 fide,
1536 828 1708 873 Patrem

331 907 374 942 et
395 895 551 941 Filium
573 907 613 942 et
639 896 855 960 Spiritum
878 908 1076 944 sanctum
1096 915 1182 944 esse
1199 898 1454 944 Trinitatem
1471 936 1480 953 ,
1511 909 1710 945 ettamen

329 981 469 1014 unum
491 967 630 1012 Deum
648 986 658 1020 3
676 984 764 1012 non
786 968 906 1031 quod
921 969 975 1014 sit
990 986 1137 1015 eorum
1153 970 1396 1015 communis
1417 970 1539 1033 quasi
1557 980 1710 1033 quarta

331 1038 577 1092 Divinitas,
612 1038 683 1083 sed
723 1038 844 1102 quod
881 1038 934 1084 sit
966 1040 1059 1103 ipsa
1102 1040 1378 1086 ineffabiliter
1412 1040 1711 1103 inseparabilis

332 1108 536 1155 Trinitas.
578 1108 841 1173 Patremque
874 1109 1011 1155 solum
1037 1110 1229 1170 genuisse
1255 1111 1411 1156 Filium
1430 1147 1440 1167 ,
1466 1111 1712 1174 Filiumque

330 1178 470 1225 solum
488 1197 509 1224 a
531 1180 661 1224 Patre
685 1181 876 1240 genitum
895 1216 906 1235 ,
926 1179 1143 1243 Spiritum
1166 1197 1268 1226 vero
1289 1191 1487 1226 sanctum
1510 1191 1551 1226 et
1571 1180 1712 1226 Patris

329 1259 373 1295 et
391 1249 488 1295 Filii
506 1266 591 1295 esse
611 1249 842 1313 Spiritum.
868 1251 923 1296 Et
937 1249 1158 1314 quidquid
1177 1250 1256 1296 tihi
1276 1288 1286 1305 ,
1311 1267 1413 1296 eum
1432 1251 1510 1297 ista
1529 1251 1708 1311 cogitas,

326 1336 554 1384 corporeae
578 1319 875 1367 similitudinis
908 1321 1148 1368 occurrerit
1169 1358 1180 1377 ,
1209 1321 1355 1382 abige,
1385 1321 1552 1377 abnue,
1577 1338 1681 1381 nega
1698 1359 1708 1374 ‚

327 1407 483 1455 respue
501 1428 512 1447 ,
542 1391 702 1451 abjice,
720 1390 834 1451 fuge.
868 1391 966 1437 Non
992 1391 1106 1437 enim
1129 1408 1262 1455 parva
1285 1401 1345 1437 est
1370 1392 1593 1438 inchoatio
1614 1408 1712 1451 cog-

328 1462 508 1507 nitionis
532 1463 611 1507 Dei
632 1499 643 1519 ,
672 1462 705 1508 si
733 1472 963 1526 antequam
988 1462 1205 1526 possimus
1226 1479 1347 1509 nosse
1366 1463 1474 1526 quid
1494 1463 1574 1520 sit,
1605 1463 1712 1509 inci-

329 1533 502 1597 piamus
523 1537 617 1593 jam
647 1550 767 1579 nosse
799 1533 905 1597 quid
936 1551 1024 1579 non
1049 1534 1115 1580 sit.
1153 1534 1429 1580 Intellectum
1460 1551 1562 1580 vero
1587 1533 1712 1580 valde

330 1621 455 1657 ama;
481 1603 583 1667 quia
615 1614 657 1648 et
695 1603 802 1667 ipsae
837 1604 1080 1668 Scripturae
1109 1615 1298 1661 sanctae,
1332 1621 1433 1669 quae
1457 1621 1710 1666 magnarum

328 1691 473 1721 rerum
503 1684 601 1720 ante
630 1673 962 1733 intelligentiam
994 1675 1177 1721 suadent
1201 1674 1330 1720 fidem
1350 1711 1362 1731 ,
1397 1675 1479 1721 nisi
1503 1692 1571 1721 eas
1599 1684 1713 1720 recte

327 1744 563 1804 intelligas,
583 1743 710 1789 utiles
727 1743 909 1789 tibicsse
920 1761 1005 1790 non
1021 1754 1216 1808 possunt.
1239 1744 1480 1791 Onesenim
1494 1744 1708 1800 haeretiei,

327 1815 404 1879 qui
429 1832 498 1860 eas
516 1813 561 1860 in
592 1816 850 1860 auctoritate
875 1814 1094 1878 recipiunt
1110 1852 1119 1869 ‚
1143 1815 1258 1878 ipsas
1283 1815 1366 1861 sibi
1391 1815 1595 1861 videntur
1616 1832 1711 1861 sec-

329 1885 409 1931 tari
427 1920 437 1938 ,
468 1901 568 1931 cum
600 1902 696 1931 suos
722 1885 870 1949 potius
889 1897 1107 1931 sectentur
1130 1903 1316 1943 errores3
1339 1903 1386 1931 ac
1412 1904 1488 1950 per
1510 1886 1596 1932 hoe
1625 1903 1710 1932 non

330 1955 449 2019 quod
470 1973 538 2002 eas
558 1966 863 2013 contemnant,
892 1956 965 2002 sed
992 1956 1113 2021 quod
1138 1975 1206 2003 eas
1236 1974 1324 2003 non
1347 1956 1592 2017 intelligant
1612 1957 1710 2002 hae-

329 2038 453 2073 retici
474 2038 589 2073 sunt.

394 2096 513 2143 XIV.
545 2098 614 2142 Tu
639 2106 799 2153 autem,
823 2097 1099 2153 charissime,
1129 2114 1203 2143 ora
1237 2097 1407 2144 fortiter
1437 2107 1478 2142 et
1505 2096 1707 2150 fideliter,

332 2178 380 2212 ut
399 2167 467 2212 det
493 2167 572 2212 tibi
597 2167 809 2212 Dominus
826 2167 1094 2212 intellectum
1116 2205 1126 2224 ‚
1155 2184 1204 2212 ac
1229 2167 1288 2213 sic
1309 2185 1354 2212 ea
1371 2204 1381 2223 ,
1405 2184 1505 2230 quae
1526 2165 1707 2212 forinse-

332 2255 410 2284 cus
437 2238 621 2284 adhibet
643 2238 864 2298 diligentia
893 2239 1178 2301 pra‘ceptoris
1203 2239 1290 2284 sive
1309 2239 1498 2284 doctoris
1513 2276 1523 2294 ,
1546 2238 1712 2301 possint

332 2326 420 2356 esse
440 2308 685 2354 fructuosa:
707 2309 913 2372 quoniam
933 2330 953 2351 «
976 2311 1125 2374 Neque
1151 2309 1227 2373 qui
1241 2309 1409 2372 plantat
1433 2319 1494 2354 est
1512 2307 1677 2372 aliquid
1697 2345 1708 2364 ,

332 2400 353 2420 »
380 2396 519 2442 neque
534 2380 737 2442 quirigat
756 2417 766 2432 ‚
789 2379 861 2425 sed
875 2381 952 2444 qui
972 2380 1286 2426 incrementum
1308 2379 1384 2425 dat
1402 2379 1545 2425 Deus?
1565 2396 1575 2424 :
1602 2400 1621 2419 »
1640 2378 1712 2424 cui

335 2448 523 2495 dicimus
547 2467 556 2494 :
583 2471 602 2491 <‹
624 2450 752 2495 Pater
771 2460 931 2507 noster,
959 2450 1033 2513 qui
1057 2468 1098 2495 es
1115 2451 1159 2496 in
1177 2449 1349 2504 coelis³;
1369 2471 1389 2491 »
1414 2466 1501 2494 non
1523 2448 1623 2512 quia
1645 2447 1710 2493 ibi

335 2529 420 2576 est,
440 2520 573 2567 ethic
602 2538 688 2566 non
709 2531 792 2575 est,
811 2520 888 2585 qui
908 2521 1136 2585 praesentia
1163 2522 1206 2568 in
1234 2537 1442 2584 corporea
1465 2520 1630 2582 ubique
1649 2529 1712 2564 est

335 2600 481 2647 totus,
506 2591 576 2636 sed
611 2592 713 2653 quia
740 2592 783 2637 in
809 2592 867 2638 eis
898 2591 1098 2638 habitare
1130 2592 1309 2648 dicitur,
1344 2607 1531 2655 quorum
1559 2589 1711 2652 pietati

384 2672 526 2716 ¹Ephes‚
543 2683 600 2716 m,
621 2684 674 2706 20.
697 2672 770 2698 —‘²
791 2686 802 2704 ι
821 2675 896 2706 Cor.
916 2685 964 2714 ιιι,
985 2686 1018 2714 7.
1038 2693 1080 2698 —
1095 2672 1110 2697 ³
1131 2673 1247 2708 Matth.
1268 2685 1312 2716 vt,
1329 2685 1359 2715 9.
